2290 3201
997 257 1046 295 15

185 378 403 427 significare
427 377 538 413 modo
572 377 842 423 aquarium,
881 378 1304 424 mod0.aquati0nis
1331 379 1508 424 locum,
1552 388 1589 415 et
1614 381 1660 416 de
1687 381 1778 426 ipsis
1806 380 1861 415 his

179 444 345 492 aquariis
371 443 469 478 inter
496 440 654 488 Coptum
679 448 717 476 et
742 440 952 477 Berenicen
982 443 1064 478 sitis
1088 442 1194 478 illum
1224 444 1369 480 dicere:
1397 443 1480 488 (lib.
1506 444 1632 480 XVII.
1661 459 1747 494 pag.
1777 449 1859 480 561.

174 512 257 545 init.
288 510 348 544 ed.
366 507 571 552 Casaub.):
597 506 805 555 πρότερον
828 506 902 548 μὲν
930 503 1008 544 οὖν
1035 507 1347 557 ἐνυκτοπόρουν
1373 509 1476 557 πρός
1502 509 1552 545 ‘ta'
1568 509 1671 559 ὁὶςρα
1687 509 1861 555 βλέπον-

174 587 231 615 τες
265 574 305 611 οἱ
337 571 657 623 καμῃλέμποροι
693 571 763 609 καὶ
796 571 984 620 καθάπερ
1023 573 1063 607 οἱ
1096 572 1281 614 πλέοντες
1315 570 1498 616 ὥδευον,
1526 577 1766 615 nomicum-25
1791 574 1859 609 καὶ

175 636 313 688 ὕδωρ
337 638 430 674 νυνὶ
458 635 499 673 δὲ
524 637 594 673 καὶ
620 634 808 685 ύδρεῖα
833 635 1208 681 κατεσκευάκασιν,
1235 638 1462 687 ὀρύξαντες
1488 640 1597 677 πολύ
1622 639 1764 684 βάθος·
1791 639 1859 675 καὶ

178 706 219 741 ἐκ
242 704 326 740 τῶν
346 703 577 750 ου’ρανίων,
604 703 751 750 καίπερ
779 702 918 739 ὄντων
946 703 1145 743 σπανίων,
1173 702 1284 743 ὅμως
1311 700 1534 745 δεξαμενάς
1549 705 1862 753 πεποίηνται.-

177 770 268 806 licet
302 770 386 816 ejus
421 769 477 803 vis
513 768 625 804 latius
658 775 807 814 pateat,
839 769 894 803 ita
918 774 960 802 ut
983 768 1135 812 ipsam
1163 779 1327 814 aquam
1353 769 1567 818 significare
1595 769 1766 804 videatur
1792 768 1857 803 lib.

175 833 283 871 XVI.
310 846 397 881 pag.
424 835 507 870 53⁷.
533 832 561 868 l.
588 836 647 869 31.
689 833 737 872 ei,-
763 832 869 881 γοῦν
895 830 973 880 τήν
998 830 1162 880 Λευκήν
1190 832 1338 880 κώμῃν
1373 834 1573 883 κατῆρεν,
1618 831 1699 883 ἤδη
1735 846 1857 874 §oua-

177 900 313 949 κάκη)
341 897 411 933 καὶ
439 896 689 947 σκελοτίρβῃ
715 895 1014 944 πειραὲομένῃς
1038 895 1104 944 τῆς
1131 897 1328 941 ςρατείας,
1355 897 1592 947 ἐπιχωρίοις
1616 898 1857 936 πάθεσιν...

179 964 221 999 ἔκ
263 976 303 998 τε
342 963 427 998 τῶν
466 958 691 1009 ύδρείων
736 960 804 996 καὶ
846 960 932 996 τῶν
973 959 1183 1004 βοτανῶν.
1221 981 1269 987 —-
1336 960 1476 997 Similis
1518 964 1556 997 in
1592 963 1724 1009 peripli
1769 963 1855 998 illo:

179 1023 278 1077 ύδρ
294 1026 493 1069 εύματα
530 1024 765 1075 γλυκύτερα
801 1023 947 1059 videtur
972 1036 1057 1059 esse
1083 1032 1250 1071 potestas
1276 1027 1361 1060 voci
1386 1022 1596 1073 ὕδρευμα,
1634 1040 1742 1073 quam
1767 1039 1855 1062 vero

179 1093 473 1139 aquationis
500 1091 545 1126 10
560 1104 657 1126 cum
684 1093 798 1125 etiam
823 1090 1062 1138 significare,
1096 1092 1177 1135 ipse
1203 1089 1411 1125 Salmasius
1438 1092 1639 1125 concessit.

323 1156 368 1191 In
404 1163 532 1191 nostro
558 1156 672 1203 igitur
698 1155 806 1199 loco,
829 1156 861 1189 si
886 1155 933 1189 ad
964 1154 1278 1203 significationem
1304 1155 1547 1198 respiciamus
1563 1181 1572 1198 ‚
1600 1163 1636 1189 et
1664 1157 1857 1203 Hydreum

178 1221 327 1271 quidem
349 1227 453 1256 recte
478 1232 519 1255 se
546 1219 680 1264 habet,
720 1225 757 1254 et
784 1220 1017 1266 Hydreuma:
1057 1226 1096 1253 at
1119 1230 1232 1253 unum
1254 1217 1460 1253 alterumve
1486 1219 1623 1265 ubique
1653 1221 1722 1254 erit
1749 1233 1855 1265 repo-

178 1288 358 1322 nendum:
399 1299 485 1321 nam
521 1285 705 1331 quomodo
737 1285 820 1320 fieri
853 1292 997 1330 potest,
1034 1292 1075 1319 ut
1113 1285 1151 1320 in
1191 1285 1309 1329 primo
1342 1283 1427 1320 loco
1463 1285 1662 1333 Hydreum
1699 1285 1855 1330 dicatur,

175 1352 311 1387 deinde
322 1353 359 1386 in
375 1351 490 1386 altero
505 1349 786 1397 Hyde-emate?
811 1355 849 1383 et
867 1348 913 1383 de
929 1360 1004 1383 una
1022 1348 1226 1394 eademque
1242 1349 1437 1383 mansione
1453 1350 1582 1384 modo:
1609 1352 1714 1385 Mox
1729 1352 1780 1385 ad
1789 1364 1854 1387 no-

175 1431 258 1453 vum
290 1417 498 1464 Hydreum,
545 1414 676 1451 modo:
726 1414 855 1451 Distat
886 1427 909 1450 a
934 1425 1030 1449 novo
1059 1413 1338 1462 Hydreumate?
1397 1413 1585 1451 Adhibitis
1624 1415 1729 1450 libris
1757 1415 1853 1451 Mss.

179 1483 315 1528 liquet,
374 1481 571 1526 quoniam,
631 1479 695 1513 ubi
735 1479 922 1513 ablativus
962 1491 1071 1512 casus
1107 1486 1184 1521 est,
1241 1480 1280 1513 in
1318 1479 1486 1515 omnibus
1525 1480 1662 1526 legitur
1695 1483 1853 1527 hydreu-

176 1555 274 1585 mate
302 1546 387 1591 vel,
423 1553 464 1581 ut
488 1545 527 1580 in
553 1542 802 1589 Monacensi‚
843 1544 1080 1592 hydromate,
1119 1542 1164 1578 de
1190 1542 1406 1589 recipienda
1432 1555 1524 1579 voce
1551 1545 1753 1593 Hydreum
1779 1558 1854 1580 am-

178 1612 275 1660 plius
303 1623 377 1646 non
403 1621 515 1656 posse
543 1610 723 1657 cogitari,
760 1610 815 1644 ita
839 1616 880 1644 ut
905 1611 945 1644 in
970 1609 1199 1644 nominativo
1226 1620 1372 1655 quoque
1401 1617 1438 1643 et
1464 1612 1678 1645 accusativo
1705 1611 1854 1646 casibus

176 1676 411 1711 scribendum
445 1681 549 1709 esset
582 1676 800 1720 Hydreuma
834 1674 895 1709 vel
920 1674 1048 1708 invitis
1076 1672 1267 1708 codicibus
1295 1671 1414 1709 Mss.:
1455 1674 1522 1710 hos
1550 1687 1640 1711 vero
1669 1675 1754 1711 huic
1781 1676 1854 1711 sor-

176 1753 259 1778 mae
286 1739 406 1788 magis
429 1749 539 1786 quam
566 1735 676 1773 alteri
701 1737 922 1786 suffragari,
949 1738 982 1773 si
1007 1736 1224 1785 diligentius
1252 1750 1318 1772 eos
1345 1740 1579 1784 inspexeris,
1608 1739 1675 1773 tibi
1702 1753 1854 1784 persua-

177 1806 297 1840 debis.
349 1805 489 1850 Regius
516 1806 614 1837 enim
640 1802 692 1837 II.
720 1811 757 1837 et
782 1803 955 1838 Riccard.
984 1803 1183 1839 exhibent:
1212 1805 1421 1850 appellatur
1447 1806 1658 1852 Hydreuma
1675 1806 1855 1843 XXXII.

179 1870 267 1907 mill„
290 1876 346 1905 et:
375 1869 598 1916 Hydreuma
621 1875 748 1913 vetus,
772 1868 811 1903 in
837 1866 1008 1903 omnibus
1036 1874 1159 1903 autem
1186 1866 1271 1903 aliis
1299 1867 1417 1913 locis,
1451 1868 1515 1903 ubi
1542 1870 1735 1917 Hydreum
1761 1869 1853 1917 legi-

178 1949 281 1980 mus,
311 1934 357 1970 ob
394 1946 554 1980 sequens
583 1948 607 1968 a
634 1933 727 1968 haec
761 1933 872 1969 litera
898 1934 936 1968 in
961 1933 1036 1968 fine
1061 1933 1173 1980 hujus
1200 1935 1361 1968 nominis
1388 1934 1568 1969 facillime
1595 1937 1714 1979 potuit
1739 1936 1852 1969 inter—

178 2003 315 2037 cidere.
367 2000 524 2035 Accedit
549 2007 715 2035 veterum
740 2007 1083 2043 monumentorum,
1112 2011 1207 2045 quae
1236 2011 1284 2033 ex
1311 1996 1489 2034 salmasii
1516 1998 1611 2034 libro
1636 1998 1851 2034 Harduinus

178 2067 327 2109 citavit,
368 2064 585 2099 auctoritas.
639 2060 778 2105 Quidni
805 2074 895 2111 ergo
924 2064 1086 2098 omnium
1114 2064 1318 2099 editionum
1344 2070 1511 2098 veterum
1536 2062 1735 2097 lectionem
1763 2064 1851 2110 Hy-

176 2131 323 2167 dreuma
347 2140 414 2174 per
438 2136 557 2163 totum
582 2135 747 2162 nostrum
772 2126 895 2162 locum
919 2128 1183 2163 restituamus?

370 2191 457 2226 Lib.
484 2189 611 2226 XVII.
640 2204 721 2236 cap.
745 2196 804 2232 4.;
832 2198 923 2226 sect.
952 2195 986 2226 2.
1015 2193 1053 2226 in
1080 2191 1169 2227 fine.

323 2259 465 2294 Similis
498 2266 534 2292 et
558 2260 597 2293 in
622 2260 815 2294 maritimis
849 2269 975 2293 causa.
1045 2258 1271 2307 Quibusdam
1298 2257 1387 2292 locis
1409 2255 1557 2301 afflatus
1580 2259 1696 2292 maris
1720 2257 1847 2298 noxii,

272 2325 307 2358 in
329 2319 492 2370 plurimis
518 2323 620 2357 iidem
643 2324 811 2359 utiles:
838 2323 1046 2370 quibusdam
1071 2325 1160 2359 satis
1185 2326 1353 2369 aspicere
1378 2324 1491 2356 maria
1510 2323 1724 2369 jucundum:
1758 2334 1847 2367 pro-

267 2391 353 2434 pius
377 2388 564 2424 admoveri
587 2392 712 2424 satis
737 2388 906 2430 halitum,
928 2388 1060 2422 inutile.

177 2450 304 2487 Minus
340 2453 522 2487 concinna
554 2463 640 2487 esse
675 2451 836 2488 haecce:
883 2453 1103 2502 Quibusdam
1136 2452 1295 2489 locis...
1329 2454 1437 2487 noxii
1460 2460 1519 2487 et:
1563 2454 1597 2485 in
1619 2453 1848 2497 plurimis...

177 2518 308 2561 utiles,
344 2518 442 2564 quod
474 2517 617 2553 Plinius
654 2518 765 2553 etiam
803 2529 884 2552 cum
924 2516 1111 2566 adjectivo
1148 2517 1251 2553 utiles
1276 2518 1437 2553 dativum
1457 2518 1683 2565 conjungere
1704 2525 1849 2563 poterat

180 2589 218 2617 et
252 2594 300 2618 ex
326 2593 429 2617 more
456 2594 523 2618 suo
551 2580 735 2625 debebat,
773 2581 810 2616 id
837 2593 945 2617 nemo
972 2594 1046 2617 non
1071 2583 1277 2630 intelliget:
1316 2590 1479 2617 attamen
1506 2582 1630 2617 nullus
1658 2583 1743 2617 dum
1772 2584 1850 2617 edi-
