2290 3201
1215 272 1272 311 20

401 400 555 451 languet
582 400 676 436 illud
701 402 850 449 statim,
883 398 943 434 cui
969 396 1064 434 nihil
1103 398 1333 434 commodius
1360 400 1579 445 opponitur,
1614 411 1746 447 quam,
1791 399 1889 446 quod
1916 398 1963 434 ad
1988 397 2092 433 illius

400 466 576 502 lectionis
616 465 900 501 similitudinem
942 465 1114 509 proxime
1153 463 1322 507 accedit,
1363 463 1519 500 verbtun
1556 467 1790 502 commorari.
1855 461 1941 500 Non
1968 469 2093 498 autem

401 531 566 567 scribere
603 542 822 576 possumus:
860 532 895 564 si
929 530 1077 577 paulum
1111 532 1410 571 commorentur,
1449 536 1491 564 ut
1526 528 1607 565 vult
1633 529 1871 572 Harduinus,
1915 527 2092 573 quoniam

405 608 496 631 aves
526 590 720 640 stupentes
748 594 900 629 avolare
927 605 1002 628 non
1027 600 1197 638 possunt,
1223 593 1382 638 ideoque
1401 600 1584 641 coguntur
1601 593 1837 636 commorari,
1863 586 1917 628 ita'
1942 599 1982 627 ut
2008 603 2093 627 sen·

400 661 543 695 tentiae
571 671 654 694 cum
680 658 893 694 conditione
922 657 1115 704 prolatae,
1143 660 1178 694 ei
1198 665 1493 699 commorentur,
1519 657 1625 693 locus
1651 670 1727 693 non
1753 659 1814 693 sit.
1866 657 2008 692 Eodem
2034 668 2093 691 ar-

401 732 603 772 gumento,
630 725 662 759 si
689 725 772 770 ejus
798 722 1074 769 indigeremus,
1099 722 1266 758 refutare
1292 734 1487 769 possemus
1516 721 1741 759 lectionem:
1767 725 1802 760 si
1825 722 1975 772 paulum
1996 734 2093 757 com-

405 802 613 831 eam-avere,
642 800 751 835 quam
778 786 1048 832 Dalecampius
1073 788 1230 832 recepit,
1257 794 1295 823 et
1320 786 1538 823 Schellerus
1564 788 1603 821 in
1628 787 1776 822 Lexico
1802 800 1834 823 s.
1850 787 1887 822 h.
1903 800 1939 822 v.
1967 786 2093 832 aliqua

402 867 451 889 ex
476 861 582 899 parte
609 853 797 887 defendit:
837 850 904 886 sed
929 862 1062 894 nemo,
1089 852 1244 896 opinor,
1272 852 1432 887 activam
1458 849 1563 886 verbi
1590 855 1819 888 commorari
1843 852 2000 887 formam
2026 851 2092 886 ad-

401 918 564 960 sciscet,
593 929 703 962 quam
729 915 947 951 Priscianus
973 927 1062 958 non,
1088 923 1129 949 ut
1155 915 1373 952 Schellerus
1400 916 1525 961 tradit,
1550 916 1728 951 usitatam
1755 927 1842 951 esse
1870 915 2000 960 refert,
2026 914 2093 951 sed

404 981 469 1017 lib.
497 979 607 1016 VIII.
635 984 739 1028 (pag.
766 983 826 1016 94.
854 990 936 1015 vso.
964 978 1023 1014 ed.
1052 978 1158 1024 Ald.)
1185 987 1329 1016 tantum
1355 987 1633 1024 commemorat,
1658 979 1722 1014 ubi
1756 980 1865 1015 dicit:
1893 982 2093 1016 Haeret-ea

396 1048 555 1093 plurima
589 1045 752 1089 (verba)
788 1047 1036 1080 inveniuntur
1068 1045 1195 1092 apud
1216 1047 1633 1088 vetustissimos,
1669 1056 1763 1093 quae
1788 1049 1963 1085 contra
1987 1056 2091 1080 con-

398 1112 714 1148 suetudinem
749 1111 811 1145 vel
843 1112 1010 1145 activam
1041 1122 1114 1157 pro
1146 1114 1323 1157 passiva,
1355 1110 1418 1146 vel
1453 1113 1651 1158 passivam
1686 1122 1758 1157 pro
1791 1111 1915 1145 actam
1952 1110 2094 1145 habent

394 1177 577 1222 for-marn.
604 1195 652 1201 —
718 1174 878 1210 Omnem
905 1185 994 1209 vero
1022 1173 1283 1211 difficultatem
1309 1182 1478 1211 removet
1502 1174 1562 1219 id,
1598 1175 1695 1222 quod
1722 1174 1878 1211 exhibet
1905 1173 2091 1209 Colberti-

406 1255 475 1277 nus
502 1240 559 1285 1.,
598 1244 631 1277 si
655 1240 815 1287 paulum
841 1250 1103 1274 commorere:
1140 1239 1237 1283 quod
1264 1240 1298 1273 si
1323 1239 1570 1284 recipiamus,
1610 1239 1724 1274 totius
1750 1237 1826 1274 loci
1852 1249 1985 1274 sensus
2012 1244 2091 1273 est:

403 1305 482 1350 „Si
508 1317 598 1340 aves
626 1304 857 1340 devoravere
884 1301 1036 1348 allium,
1062 1303 1189 1339 statim
1217 1309 1391 1349 stupent,
1424 1304 1552 1350 itaque
1577 1316 1690 1339 manu
1716 1315 1782 1338 eas
1810 1314 1945 1347 capere
1970 1310 2093 1347 potes,

401 1372 457 1405 sin
496 1370 648 1415 paulum
684 1368 989 1413 exspectaveris,
1024 1367 1063 1402 id
1098 1368 1243 1413 majore
1282 1378 1365 1402 cum
1397 1367 1582 1403 facilitate
1619 1367 1855 1414 assequeris,
1894 1366 1980 1413 quia
2018 1373 2094 1403 tum

399 1445 532 1469 somno
560 1439 669 1468 erunt
696 1435 950 1479 oppressae.“
977 1452 1025 1458 —-
1075 1430 1222 1476 Unum,
1260 1432 1360 1478 quod
1386 1433 1578 1468 offendere
1603 1434 1745 1477 possit,
1780 1431 1852 1466 hoc
1878 1413 1958 1475 est‘,
1995 1433 2094 1477 quod

402 1500 579 1543 passivae
606 1499 751 1532 formae
777 1507 978 1542 personam
1005 1497 1175 1539 tertiam,
1202 1498 1410 1543 capiuntur,
1438 1497 1606 1543 sequitur
1632 1495 1853 1541 deponentis
1879 1495 1985 1531 verbi
2010 1509 2093 1542 per·

402 1575 498 1599 sona
534 1562 723 1606 secunda,
769 1575 841 1608 qua
875 1561 1022 1596 Plinius
1057 1573 1142 1595 raro
1171 1568 1314 1596 tantum
1337 1562 1392 1595 uti
1418 1560 1518 1596 solet
1541 1561 1581 1595 in
1606 1560 1882 1605 pronuntianda
1907 1561 2094 1596 sententia

401 1626 632 1669 universali,
669 1627 706 1660 in
744 1638 816 1672 qua
855 1637 924 1660 nos
960 1636 1166 1671 pronomen
1192 1637 1295 1661 man
1321 1637 1564 1673 usurpamus:
1602 1637 1761 1671 namque
1787 1624 1866 1661 fere
1892 1627 2007 1661 utitur
2031 1626 2093 1661 vel

400 1693 553 1737 passiva
583 1691 716 1734 forma,
741 1699 781 1726 ut
810 1689 897 1725 Lib.
912 1689 1060 1726 XXVI.
1089 1697 1176 1725 ante
1202 1691 1300 1726 med.
1327 1702 1410 1734 cap.
1437 1693 1517 1730 12.;
1545 1696 1637 1724 sect.
1664 1693 1724 1725 76.
1748 1690 1789 1724 in
1815 1689 1903 1725 fine.
1955 1690 2094 1727 Lichan

400 1756 514 1791 herba
540 1755 713 1798 (sudores
740 1754 879 1790 felleos
906 1760 1048 1801 movet)
1074 1757 1120 1798 si,
1146 1767 1234 1790 cum
1258 1756 1442 1798 sumitur,
1468 1763 1589 1792 cetere
1611 1755 1713 1792 olere
1736 1755 1990 1798 abstineatur,
2017 1756 2093 1800 vel,

401 1821 623 1866 praesertim
648 1821 688 1855 in
714 1821 906 1864 oratione,
943 1833 1053 1866 quam
1080 1820 1259 1864 dicimus,
1296 1819 1470 1866 obliqua,
1504 1821 1725 1865 pronomine
1749 1822 1907 1868 aliquis,
1940 1828 1980 1855 ut
2004 1820 2091 1856 Lib.

400 1882 552 1921 XXXI.
582 1890 669 1918 ante
695 1883 792 1918 med.
825 1897 906 1930 cap.
934 1889 993 1926 9.;
1021 1893 1114 1921 sect.
1140 1887 1202 1921 45.
1254 1887 1379 1932 Ajunt
1402 1886 1537 1921 dentes
1562 1898 1639 1921 non
1664 1886 1791 1927 erodi,
1819 1911 1828 1921 .
1856 1912 1866 1921 .
1894 1911 1902 1919 .
1929 1889 1963 1922 si
1986 1887 2093 1933 quis

399 1950 568 1997 quotidie
603 1960 718 1983 mane
750 1948 910 1997 jejunus
940 1950 1065 1985 salem
1099 1952 1356 1986 contineat
1386 1949 1452 1984 sub
1486 1949 1631 1999 lingua.
1701 1949 1818 1999 Cujus
1853 1951 1909 1987 rei
1950 1952 1983 1987 si
2009 1951 2092 1999 quis

401 2012 511 2060 plura
546 2013 739 2050 desideret
773 2011 972 2059 exempla,
1008 2012 1146 2060 ubique
1173 2015 1271 2060 apud
1296 2023 1463 2052 nostrum
1488 2029 1534 2052 ea
1559 2022 1685 2062 potest
1709 2016 1892 2050 invenire.
1946 2015 2091 2051 Harum

406 2086 532 2113 autem
559 2078 709 2113 dicendi
736 2077 980 2113 formularum
1006 2079 1107 2123 prior
1133 2077 1194 2114 hic
1221 2081 1372 2115 omnino
1399 2091 1474 2115 non
1500 2081 1621 2126 potuit
1647 2078 1832 2124 adhiberi,
1859 2091 1969 2126 quum
1985 2092 2091 2118 com·

398 2144 545 2178 morari
570 2143 619 2178 sit
644 2143 804 2179 verbum
830 2142 1045 2188 deponens,
1089 2142 1211 2179 altera
1242 2156 1331 2179 vero
1359 2157 1434 2180 non
1459 2153 1535 2181 tam
1562 2151 1670 2191 apte,
1712 2156 1822 2191 quam
1846 2156 2008 2190 persona
2032 2157 2092 2181 se-

400 2208 548 2251 cunda,
588 2208 673 2253 quia
699 2207 777 2243 tale
804 2214 1067 2252 praeceptum,
1105 2207 1215 2254 quale
1250 2208 1376 2246 verbis
1415 2211 1451 2245 n·
1481 2221 1720 2246 commorere
1754 2208 1818 2244 dat
1850 2216 1999 2253 noster,
2037 2211 2093 2245 sic

400 2272 483 2306 fere
522 2273 630 2317 quasi
667 2272 715 2306 ad
750 2279 893 2307 certam
930 2272 1116 2317 quandam
1148 2284 1348 2317 personam
1382 2274 1574 2322 dirigitur:
1611 2279 1653 2309 ut
1685 2271 1746 2308 hic
1780 2274 1861 2320 ipse
1888 2273 1980 2311 dicit
2001 2273 2089 2311 Lib.

402 2333 553 2372 XVIII.
582 2347 664 2382 cap.
692 2338 749 2378 5.;
779 2343 871 2372 sect.
899 2338 935 2371 6.
987 2336 1030 2372 Si
1056 2337 1150 2373 bene
1170 2350 1325 2384 pascas.

550 2399 644 2435 Cum
671 2399 854 2437 hocloco
882 2401 953 2435 rite
989 2408 1224 2446 comparetur
1258 2400 1380 2445 alius,
1415 2399 1504 2437 Lib.
1535 2400 1665 2440 XXX.
1704 2415 1786 2451 cap.
1825 2406 1883 2440 12.
1923 2401 1993 2439 sub
2025 2403 2091 2441 fin.

401 2466 456 2509 (in
485 2465 572 2501 aliis
599 2465 683 2501 edd.
712 2471 796 2510 post
822 2464 920 2500 med.
949 2478 1030 2511 cap.
1058 2471 1159 2511 14.);
1200 2475 1293 2503 sect.
1319 2472 1380 2503 44.
1416 2467 1517 2503 Item
1541 2481 1732 2512 araneus,
1756 2471 1825 2517 qui
1837 2468 1956 2518 filum
1980 2470 2093 2506 dedu-

398 2532 449 2566 cit
472 2544 524 2566 ex
551 2531 653 2571 alto,
680 2532 790 2576 capi
813 2530 919 2566 debet
946 2543 1086 2567 manu
1112 2525 1210 2567 cavei
1236 2534 1414 2579 tritusque
1438 2532 1646 2569 admoveri:
1672 2535 1800 2581 quod
1819 2537 1864 2571 .ςί
1888 2535 2091 2571 redeun-

400 2601 495 2630 tem
517 2595 868 2642 prehenderit,
894 2596 1071 2633 inhibebit
1095 2598 1198 2633 idem
1222 2599 1477 2649 purgationes.
1502 2618 1550 2625 -
1600 2597 1818 2636 Harduinus
1844 2600 1883 2636 in
1909 2600 2091 2647 interpre-
