<?xml version="1.0" encoding="UTF-8"?>
<!DOCTYPE html PUBLIC "-//W3C//DTD XHTML 1.0 Transitional//EN"
    "http://www.w3.org/TR/xhtml1/DTD/xhtml1-transitional.dtd">
<html xmlns="http://www.w3.org/1999/xhtml" xml:lang="en" lang="en">
 <head>
  <title>
</title>
<meta http-equiv="Content-Type" content="text/html;charset=utf-8" />
  <meta name='ocr-system' content='tesseract 3.04.00' />
  <meta name='ocr-capabilities' content='ocr_page ocr_carea ocr_par ocr_line ocrx_word'/>
</head>
<body>
  <div class='ocr_page' id='page_1' title='image "./4774735_0018.png"; bbox 0 0 2290 3201; ppageno 0'>
   <div class='ocr_carea' id='block_1_1' title="bbox 1179 286 1230 324">
    <p class='ocr_par' dir='ltr' id='par_1_1' title="bbox 1179 286 1230 324">
     <span class='ocr_line' id='line_1_1' title="bbox 1179 286 1230 324; baseline 0 0"><span class='ocrx_word' id='word_1_1' title='bbox 1179 286 1230 324; x_wconf 78' lang='lat'>12</span> 
     </span>
    </p>
   </div>
   <div class='ocr_carea' id='block_1_2' title="bbox 1141 339 1267 347">
    <p class='ocr_par' dir='ltr' id='par_1_2' title="bbox 1141 339 1267 347">
     <span class='ocr_line' id='line_1_2' title="bbox 1141 339 1267 347; baseline 0 0"><span class='ocrx_word' id='word_1_2' title='bbox 1141 339 1267 347; x_wconf 95' lang='lat' dir='ltr'> </span> 
     </span>
    </p>
   </div>
   <div class='ocr_carea' id='block_1_3' title="bbox 357 406 2064 2658">
    <p class='ocr_par' dir='ltr' id='par_1_3' title="bbox 506 406 1410 459">
     <span class='ocr_line' id='line_1_3' title="bbox 506 406 1410 459; baseline 0.001 -11"><span class='ocrx_word' id='word_1_3' title='bbox 506 409 549 448; x_wconf 92' lang='lat' dir='ltr'>In</span> <span class='ocrx_word' id='word_1_4' title='bbox 574 408 661 447; x_wconf 88' lang='lat' dir='ltr'>libri</span> <span class='ocrx_word' id='word_1_5' title='bbox 686 406 734 445; x_wconf 84' lang='lat' dir='ltr'>V.</span> <span class='ocrx_word' id='word_1_6' title='bbox 760 409 866 445; x_wconf 90' lang='lat' dir='ltr'>initio</span> <span class='ocrx_word' id='word_1_7' title='bbox 891 408 931 445; x_wconf 90' lang='lat' dir='ltr'>in</span> <span class='ocrx_word' id='word_1_8' title='bbox 958 408 1069 445; x_wconf 84' lang='lat' dir='ltr'>editis</span> <span class='ocrx_word' id='word_1_9' title='bbox 1095 407 1201 446; x_wconf 82' lang='lat' dir='ltr'>libris</span> <span class='ocrx_word' id='word_1_10' title='bbox 1227 409 1410 459; x_wconf 82' lang='lat' dir='ltr'>legimus:</span> 
     </span>
    </p>

    <p class='ocr_par' dir='ltr' id='par_1_4' title="bbox 550 475 2036 524">
     <span class='ocr_line' id='line_1_4' title="bbox 550 475 2036 524; baseline -0.002 -10"><span class='ocrx_word' id='word_1_11' title='bbox 550 477 723 523; x_wconf 85' lang='lat' dir='ltr'>Africam</span> <span class='ocrx_word' id='word_1_12' title='bbox 749 477 888 513; x_wconf 80' lang='lat' dir='ltr'>Graeci</span> <span class='ocrx_word' id='word_1_13' title='bbox 912 476 1072 522; x_wconf 82' lang='lat' dir='ltr'>Liby-am</span> <span class='ocrx_word' id='word_1_14' title='bbox 1103 475 1340 522; x_wconf 77' lang='lat' dir='ltr'>appellavere</span> <span class='ocrx_word' id='word_1_15' title='bbox 1353 503 1366 519; x_wconf 90' lang='lat'>,</span> <span class='ocrx_word' id='word_1_16' title='bbox 1405 489 1496 524; x_wconf 76' lang='lat' dir='ltr'>qua</span> <span class='ocrx_word' id='word_1_17' title='bbox 1520 489 1619 514; x_wconf 67' lang='lat' dir='ltr'>masc</span> <span class='ocrx_word' id='word_1_18' title='bbox 1643 481 1729 513; x_wconf 78' lang='lat' dir='ltr'>ante</span> <span class='ocrx_word' id='word_1_19' title='bbox 1754 487 1834 513; x_wconf 83' lang='lat' dir='ltr'>eam</span> <span class='ocrx_word' id='word_1_20' title='bbox 1858 475 2036 524; x_wconf 73' lang='lat' dir='ltr'>Libycum</span> 
     </span>
    </p>

    <p class='ocr_par' dir='ltr' id='par_1_5' title="bbox 461 541 1136 590">
     <span class='ocr_line' id='line_1_5' title="bbox 461 541 1136 590; baseline -0.003 -12"><span class='ocrx_word' id='word_1_21' title='bbox 461 543 698 590; x_wconf 79' lang='lat' dir='ltr'><em>incipiens</em></span> <span class='ocrx_word' id='word_1_22' title='bbox 725 543 970 589; x_wconf 72' lang='lat' dir='ltr'>Aegyptio</span> <span class='ocrx_word' id='word_1_23' title='bbox 987 541 1136 587; x_wconf 78' lang='lat' dir='ltr'>finitur.</span> 
     </span>
    </p>

    <p class='ocr_par' dir='ltr' id='par_1_6' title="bbox 358 604 2040 2206">
     <span class='ocr_line' id='line_1_6' title="bbox 365 604 2037 652; baseline -0.001 -9"><span class='ocrx_word' id='word_1_24' title='bbox 365 607 472 649; x_wconf 76' lang='lat' dir='ltr'>Quae</span> <span class='ocrx_word' id='word_1_25' title='bbox 500 620 546 643; x_wconf 92' lang='lat' dir='ltr'>ne</span> <span class='ocrx_word' id='word_1_26' title='bbox 573 608 611 642; x_wconf 89' lang='lat' dir='ltr'>in</span> <span class='ocrx_word' id='word_1_27' title='bbox 638 607 841 642; x_wconf 87' lang='lat' dir='ltr'>novissima</span> <span class='ocrx_word' id='word_1_28' title='bbox 867 606 1013 652; x_wconf 90' lang='lat' dir='ltr'>quidem</span> <span class='ocrx_word' id='word_1_29' title='bbox 1039 606 1204 641; x_wconf 80' lang='lat' dir='ltr'>editione</span> <span class='ocrx_word' id='word_1_30' title='bbox 1229 604 1435 641; x_wconf 84' lang='lat' dir='ltr'>Parisiensi</span> <span class='ocrx_word' id='word_1_31' title='bbox 1464 606 1661 642; x_wconf 84' lang='lat' dir='ltr'>emendata</span> <span class='ocrx_word' id='word_1_32' title='bbox 1680 618 1764 642; x_wconf 78' lang='lat' dir='ltr'>esse</span> <span class='ocrx_word' id='word_1_33' title='bbox 1783 607 1909 650; x_wconf 91' lang='lat' dir='ltr'>miror,</span> <span class='ocrx_word' id='word_1_34' title='bbox 1929 618 2037 652; x_wconf 91' lang='lat' dir='ltr'>quum</span> 
     </span>
     <span class='ocr_line' id='line_1_7' title="bbox 365 668 2039 718; baseline -0.002 -9"><span class='ocrx_word' id='word_1_35' title='bbox 365 672 455 708; x_wconf 89' lang='lat' dir='ltr'>Viro</span> <span class='ocrx_word' id='word_1_36' title='bbox 493 672 616 708; x_wconf 91' lang='lat' dir='ltr'>Docto</span> <span class='ocrx_word' id='word_1_37' title='bbox 631 696 641 715; x_wconf 93' lang='lat'>‚</span> <span class='ocrx_word' id='word_1_38' title='bbox 684 671 745 716; x_wconf 90' lang='lat' dir='ltr'>qui</span> <span class='ocrx_word' id='word_1_39' title='bbox 787 670 989 705; x_wconf 88' lang='lat' dir='ltr'>secundam</span> <span class='ocrx_word' id='word_1_40' title='bbox 1034 668 1130 705; x_wconf 90' lang='lat' dir='ltr'>hanc</span> <span class='ocrx_word' id='word_1_41' title='bbox 1172 671 1253 717; x_wconf 84' lang='lat' dir='ltr'>ejus</span> <span class='ocrx_word' id='word_1_42' title='bbox 1289 676 1433 715; x_wconf 82' lang='lat' dir='ltr'>partem</span> <span class='ocrx_word' id='word_1_43' title='bbox 1472 668 1749 718; x_wconf 86' lang='lat' dir='ltr'>Geographiam</span> <span class='ocrx_word' id='word_1_44' title='bbox 1787 671 2039 706; x_wconf 89' lang='lat' dir='ltr'>continentem</span> 
     </span>
     <span class='ocr_line' id='line_1_8' title="bbox 363 732 2037 784; baseline -0.001 -12"><span class='ocrx_word' id='word_1_45' title='bbox 363 741 451 784; x_wconf 89' lang='lat' dir='ltr'>(qua</span> <span class='ocrx_word' id='word_1_46' title='bbox 479 735 590 771; x_wconf 86' lang='lat' dir='ltr'>Hasii</span> <span class='ocrx_word' id='word_1_47' title='bbox 616 733 662 770; x_wconf 90' lang='lat' dir='ltr'>V.</span> <span class='ocrx_word' id='word_1_48' title='bbox 693 733 752 769; x_wconf 91' lang='lat' dir='ltr'>Cl.</span> <span class='ocrx_word' id='word_1_49' title='bbox 779 745 838 769; x_wconf 91' lang='lat' dir='ltr'>me</span> <span class='ocrx_word' id='word_1_50' title='bbox 874 734 980 768; x_wconf 84' lang='lat' dir='ltr'>auxit</span> <span class='ocrx_word' id='word_1_51' title='bbox 1004 732 1253 779; x_wconf 85' lang='lat' dir='ltr'><strong>liberalitas),</strong></span> <span class='ocrx_word' id='word_1_52' title='bbox 1287 735 1453 778; x_wconf 87' lang='lat' dir='ltr'>curavit,</span> <span class='ocrx_word' id='word_1_53' title='bbox 1480 734 1640 771; x_wconf 81' lang='lat' dir='ltr'><strong>meliora</strong></span> <span class='ocrx_word' id='word_1_54' title='bbox 1666 748 1740 771; x_wconf 92' lang='lat' dir='ltr'>non</span> <span class='ocrx_word' id='word_1_55' title='bbox 1764 736 1894 784; x_wconf 83' lang='lat' dir='ltr'>ignota</span> <span class='ocrx_word' id='word_1_56' title='bbox 1920 734 2037 770; x_wconf 84' lang='lat' dir='ltr'>fuisse</span> 
     </span>
     <span class='ocr_line' id='line_1_9' title="bbox 366 796 2037 844; baseline -0.001 -7"><span class='ocrx_word' id='word_1_57' title='bbox 366 815 414 837; x_wconf 91' lang='lat' dir='ltr'>ex</span> <span class='ocrx_word' id='word_1_58' title='bbox 443 803 540 837; x_wconf 86' lang='lat' dir='ltr'>notis</span> <span class='ocrx_word' id='word_1_59' title='bbox 568 800 727 835; x_wconf 83' lang='lat' dir='ltr'><strong>eluceat.</strong></span> <span class='ocrx_word' id='word_1_60' title='bbox 780 796 938 843; x_wconf 81' lang='lat' dir='ltr'>Quoquo</span> <span class='ocrx_word' id='word_1_61' title='bbox 965 799 1063 833; x_wconf 89' lang='lat' dir='ltr'>enim</span> <span class='ocrx_word' id='word_1_62' title='bbox 1088 798 1199 834; x_wconf 92' lang='lat' dir='ltr'>modo</span> <span class='ocrx_word' id='word_1_63' title='bbox 1227 797 1320 833; x_wconf 87' lang='lat' dir='ltr'>haec</span> <span class='ocrx_word' id='word_1_64' title='bbox 1344 797 1459 835; x_wconf 85' lang='lat' dir='ltr'>verba</span> <span class='ocrx_word' id='word_1_65' title='bbox 1482 798 1674 844; x_wconf 87' lang='lat' dir='ltr'>explicare</span> <span class='ocrx_word' id='word_1_66' title='bbox 1695 801 1912 844; x_wconf 80' lang='lat' dir='ltr'>tentaveris,</span> <span class='ocrx_word' id='word_1_67' title='bbox 1939 812 2037 836; x_wconf 90' lang='lat' dir='ltr'>sum-</span> 
     </span>
     <span class='ocr_line' id='line_1_10' title="bbox 366 860 2038 911; baseline 0 -10"><span class='ocrx_word' id='word_1_68' title='bbox 366 868 434 902; x_wconf 74' lang='lat' dir='ltr'>inis</span> <span class='ocrx_word' id='word_1_69' title='bbox 464 863 749 901; x_wconf 83' lang='lat' dir='ltr'>difficultalibus</span> <span class='ocrx_word' id='word_1_70' title='bbox 785 870 822 898; x_wconf 88' lang='lat' dir='ltr'>te</span> <span class='ocrx_word' id='word_1_71' title='bbox 847 860 991 897; x_wconf 89' lang='lat' dir='ltr'>videbis</span> <span class='ocrx_word' id='word_1_72' title='bbox 1018 861 1250 909; x_wconf 88' lang='lat' dir='ltr'>implicitum.</span> <span class='ocrx_word' id='word_1_73' title='bbox 1303 861 1344 899; x_wconf 93' lang='lat' dir='ltr'>Si</span> <span class='ocrx_word' id='word_1_74' title='bbox 1370 875 1459 900; x_wconf 91' lang='lat' dir='ltr'>vero</span> <span class='ocrx_word' id='word_1_75' title='bbox 1487 863 1650 911; x_wconf 87' lang='lat' dir='ltr'>aliquem</span> <span class='ocrx_word' id='word_1_76' title='bbox 1674 864 1760 901; x_wconf 92' lang='lat' dir='ltr'>inde</span> <span class='ocrx_word' id='word_1_77' title='bbox 1787 877 1917 901; x_wconf 87' lang='lat' dir='ltr'>eruere</span> <span class='ocrx_word' id='word_1_78' title='bbox 1943 864 2038 902; x_wconf 85' lang='lat' dir='ltr'>velis</span> 
     </span>
     <span class='ocr_line' id='line_1_11' title="bbox 366 927 2040 978; baseline -0.001 -11"><span class='ocrx_word' id='word_1_79' title='bbox 366 943 542 974; x_wconf 84' lang='lat' dir='ltr'>sensum,</span> <span class='ocrx_word' id='word_1_80' title='bbox 568 931 621 965; x_wconf 86' lang='lat' dir='ltr'>ita</span> <span class='ocrx_word' id='word_1_81' title='bbox 648 942 694 964; x_wconf 91' lang='lat' dir='ltr'>ea</span> <span class='ocrx_word' id='word_1_82' title='bbox 720 928 835 965; x_wconf 90' lang='lat' dir='ltr'>debes</span> <span class='ocrx_word' id='word_1_83' title='bbox 861 927 1101 976; x_wconf 88' lang='lat' dir='ltr'>intelligere,</span> <span class='ocrx_word' id='word_1_84' title='bbox 1134 936 1174 963; x_wconf 93' lang='lat' dir='ltr'>ut</span> <span class='ocrx_word' id='word_1_85' title='bbox 1198 929 1245 964; x_wconf 85' lang='lat' dir='ltr'>iis</span> <span class='ocrx_word' id='word_1_86' title='bbox 1272 929 1476 978; x_wconf 86' lang='lat' dir='ltr'>significari</span> <span class='ocrx_word' id='word_1_87' title='bbox 1502 936 1645 965; x_wconf 86' lang='lat' dir='ltr'>statuas</span> <span class='ocrx_word' id='word_1_88' title='bbox 1672 928 1832 966; x_wconf 82' lang='lat' dir='ltr'>haecce:</span> <span class='ocrx_word' id='word_1_89' title='bbox 1868 930 2040 977; x_wconf 83' lang='lat' dir='ltr'>Africam</span> 
     </span>
     <span class='ocr_line' id='line_1_12' title="bbox 369 992 2039 1044; baseline -0.001 -11"><span class='ocrx_word' id='word_1_90' title='bbox 369 997 506 1034; x_wconf 78' lang='lat' dir='ltr'>Graeci</span> <span class='ocrx_word' id='word_1_91' title='bbox 527 995 686 1044; x_wconf 77' lang='lat' dir='ltr'>Libyam</span> <span class='ocrx_word' id='word_1_92' title='bbox 710 993 958 1041; x_wconf 82' lang='lat' dir='ltr'>appellavere,</span> <span class='ocrx_word' id='word_1_93' title='bbox 984 992 1030 1028; x_wconf 86' lang='lat' dir='ltr'>ab</span> <span class='ocrx_word' id='word_1_94' title='bbox 1058 1005 1104 1028; x_wconf 89' lang='lat' dir='ltr'>ea</span> <span class='ocrx_word' id='word_1_95' title='bbox 1128 1000 1248 1039; x_wconf 87' lang='lat' dir='ltr'>parte,</span> <span class='ocrx_word' id='word_1_96' title='bbox 1275 1007 1346 1041; x_wconf 79' lang='lat' dir='ltr'>qua</span> <span class='ocrx_word' id='word_1_97' title='bbox 1370 1007 1467 1031; x_wconf 75' lang='lat' dir='ltr'>mare</span> <span class='ocrx_word' id='word_1_98' title='bbox 1492 1003 1577 1031; x_wconf 81' lang='lat' dir='ltr'>ante</span> <span class='ocrx_word' id='word_1_99' title='bbox 1599 1008 1679 1030; x_wconf 77' lang='lat' dir='ltr'>eam</span> <span class='ocrx_word' id='word_1_100' title='bbox 1702 995 1881 1042; x_wconf 75' lang='lat' dir='ltr'>Libycum</span> <span class='ocrx_word' id='word_1_101' title='bbox 1905 998 2039 1043; x_wconf 77' lang='lat' dir='ltr'>incipit,</span> 
     </span>
     <span class='ocr_line' id='line_1_13' title="bbox 365 1057 2040 1108; baseline 0.002 -12"><span class='ocrx_word' id='word_1_102' title='bbox 365 1074 482 1108; x_wconf 91' lang='lat' dir='ltr'>usque</span> <span class='ocrx_word' id='word_1_103' title='bbox 519 1061 567 1095; x_wconf 88' lang='lat' dir='ltr'>ad</span> <span class='ocrx_word' id='word_1_104' title='bbox 602 1072 712 1104; x_wconf 88' lang='lat' dir='ltr'>eam,</span> <span class='ocrx_word' id='word_1_105' title='bbox 756 1071 828 1105; x_wconf 91' lang='lat' dir='ltr'>qua</span> <span class='ocrx_word' id='word_1_106' title='bbox 864 1060 1056 1107; x_wconf 74' lang='lat' dir='ltr'>Aegyptio</span> <span class='ocrx_word' id='word_1_107' title='bbox 1090 1059 1250 1106; x_wconf 80' lang='lat' dir='ltr'>finitur,</span> <span class='ocrx_word' id='word_1_108' title='bbox 1309 1071 1381 1107; x_wconf 85' lang='lat' dir='ltr'>qua</span> <span class='ocrx_word' id='word_1_109' title='bbox 1418 1059 1534 1095; x_wconf 84' lang='lat' dir='ltr'>ferme</span> <span class='ocrx_word' id='word_1_110' title='bbox 1569 1060 1715 1097; x_wconf 90' lang='lat' dir='ltr'>ratione</span> <span class='ocrx_word' id='word_1_111' title='bbox 1742 1057 1918 1097; x_wconf 87' lang='lat' dir='ltr'>Grossius</span> <span class='ocrx_word' id='word_1_112' title='bbox 1943 1060 2040 1099; x_wconf 89' lang='lat' dir='ltr'>hunc</span> 
     </span>
     <span class='ocr_line' id='line_1_14' title="bbox 370 1124 2040 1173; baseline 0 -11"><span class='ocrx_word' id='word_1_113' title='bbox 370 1127 495 1162; x_wconf 87' lang='lat' dir='ltr'>locum</span> <span class='ocrx_word' id='word_1_114' title='bbox 535 1126 575 1160; x_wconf 91' lang='lat' dir='ltr'>in</span> <span class='ocrx_word' id='word_1_115' title='bbox 609 1124 850 1160; x_wconf 84' lang='lat' dir='ltr'>vernaculam</span> <span class='ocrx_word' id='word_1_116' title='bbox 883 1124 1050 1170; x_wconf 83' lang='lat' dir='ltr'>linguam</span> <span class='ocrx_word' id='word_1_117' title='bbox 1085 1125 1292 1168; x_wconf 90' lang='lat' dir='ltr'>convertit,</span> <span class='ocrx_word' id='word_1_118' title='bbox 1337 1125 1399 1170; x_wconf 87' lang='lat' dir='ltr'>qui</span> <span class='ocrx_word' id='word_1_119' title='bbox 1431 1131 1555 1159; x_wconf 90' lang='lat' dir='ltr'>tamen</span> <span class='ocrx_word' id='word_1_120' title='bbox 1591 1137 1657 1169; x_wconf 89' lang='lat' dir='ltr'>pro</span> <span class='ocrx_word' id='word_1_121' title='bbox 1692 1126 1883 1171; x_wconf 75' lang='lat' dir='ltr'>Aegyptio</span> <span class='ocrx_word' id='word_1_122' title='bbox 1909 1124 2040 1173; x_wconf 88' lang='lat' dir='ltr'>legens</span> 
     </span>
     <span class='ocr_line' id='line_1_15' title="bbox 368 1187 2039 1239; baseline -0.002 -11"><span class='ocrx_word' id='word_1_123' title='bbox 368 1196 578 1239; x_wconf 74' lang='lat' dir='ltr'>Aegypto,</span> <span class='ocrx_word' id='word_1_124' title='bbox 605 1190 660 1224; x_wconf 87' lang='lat' dir='ltr'>sic</span> <span class='ocrx_word' id='word_1_125' title='bbox 684 1188 816 1224; x_wconf 90' lang='lat' dir='ltr'>ultima</span> <span class='ocrx_word' id='word_1_126' title='bbox 842 1187 957 1222; x_wconf 91' lang='lat' dir='ltr'>verba</span> <span class='ocrx_word' id='word_1_127' title='bbox 980 1188 1150 1223; x_wconf 83' lang='lat' dir='ltr'>intorsit:</span> <span class='ocrx_word' id='word_1_128' title='bbox 1186 1200 1339 1234; x_wconf 86' lang='lat' dir='ltr'>„usque</span> <span class='ocrx_word' id='word_1_129' title='bbox 1367 1189 1415 1224; x_wconf 83' lang='lat' dir='ltr'>ad</span> <span class='ocrx_word' id='word_1_130' title='bbox 1442 1200 1538 1233; x_wconf 87' lang='lat' dir='ltr'>eam,</span> <span class='ocrx_word' id='word_1_131' title='bbox 1566 1201 1638 1236; x_wconf 86' lang='lat' dir='ltr'>qua</span> <span class='ocrx_word' id='word_1_132' title='bbox 1663 1188 1802 1234; x_wconf 90' lang='lat' dir='ltr'>finitur,</span> <span class='ocrx_word' id='word_1_133' title='bbox 1827 1190 1852 1224; x_wconf 89' lang='lat' dir='ltr'>i.</span> <span class='ocrx_word' id='word_1_134' title='bbox 1881 1201 1914 1224; x_wconf 90' lang='lat' dir='ltr'>e.</span> <span class='ocrx_word' id='word_1_135' title='bbox 1942 1190 2039 1236; x_wconf 86' lang='lat' dir='ltr'>apud</span> 
     </span>
     <span class='ocr_line' id='line_1_16' title="bbox 365 1251 2040 1304; baseline -0.001 -12"><span class='ocrx_word' id='word_1_136' title='bbox 365 1256 621 1304; x_wconf 83' lang='lat' dir='ltr'>Aegyptum.“</span> <span class='ocrx_word' id='word_1_137' title='bbox 658 1274 704 1280; x_wconf 86' lang='lat'><em>-</em></span> <span class='ocrx_word' id='word_1_138' title='bbox 762 1251 846 1294; x_wconf 83' lang='lat' dir='ltr'>Quo</span> <span class='ocrx_word' id='word_1_139' title='bbox 883 1253 1004 1287; x_wconf 88' lang='lat' dir='ltr'>minus</span> <span class='ocrx_word' id='word_1_140' title='bbox 1041 1251 1143 1287; x_wconf 91' lang='lat' dir='ltr'>aliud</span> <span class='ocrx_word' id='word_1_141' title='bbox 1170 1252 1257 1299; x_wconf 89' lang='lat' dir='ltr'>quid</span> <span class='ocrx_word' id='word_1_142' title='bbox 1282 1252 1499 1298; x_wconf 81' lang='lat' dir='ltr'>eliciamus,</span> <span class='ocrx_word' id='word_1_143' title='bbox 1539 1260 1600 1290; x_wconf 90' lang='lat' dir='ltr'>ut:</span> <span class='ocrx_word' id='word_1_144' title='bbox 1634 1266 1706 1301; x_wconf 84' lang='lat' dir='ltr'>qua</span> <span class='ocrx_word' id='word_1_145' title='bbox 1730 1267 1829 1290; x_wconf 80' lang='lat' dir='ltr'>mare</span> <span class='ocrx_word' id='word_1_146' title='bbox 1853 1263 1937 1290; x_wconf 81' lang='lat' dir='ltr'>ante</span> <span class='ocrx_word' id='word_1_147' title='bbox 1962 1268 2040 1290; x_wconf 80' lang='lat' dir='ltr'>eam</span> 
     </span>
     <span class='ocr_line' id='line_1_17' title="bbox 362 1317 2039 1368; baseline -0.002 -11"><span class='ocrx_word' id='word_1_148' title='bbox 362 1323 542 1368; x_wconf 82' lang='lat' dir='ltr'>Liby-cum</span> <span class='ocrx_word' id='word_1_149' title='bbox 568 1332 590 1354; x_wconf 87' lang='lat' dir='ltr'>a</span> <span class='ocrx_word' id='word_1_150' title='bbox 617 1318 803 1353; x_wconf 86' lang='lat' dir='ltr'>Gaditano</span> <span class='ocrx_word' id='word_1_151' title='bbox 831 1317 927 1352; x_wconf 82' lang='lat' dir='ltr'>freto</span> <span class='ocrx_word' id='word_1_152' title='bbox 955 1318 1127 1362; x_wconf 80' lang='lat' dir='ltr'>incipiens</span> <span class='ocrx_word' id='word_1_153' title='bbox 1152 1319 1341 1365; x_wconf 81' lang='lat' dir='ltr'>Aegyptio</span> <span class='ocrx_word' id='word_1_154' title='bbox 1357 1320 1517 1365; x_wconf 80' lang='lat' dir='ltr'>finitur,</span> <span class='ocrx_word' id='word_1_155' title='bbox 1553 1318 1650 1364; x_wconf 90' lang='lat' dir='ltr'>quod</span> <span class='ocrx_word' id='word_1_156' title='bbox 1676 1318 1912 1355; x_wconf 81' lang='lat' dir='ltr'>referendum</span> <span class='ocrx_word' id='word_1_157' title='bbox 1939 1327 2039 1356; x_wconf 85' lang='lat' dir='ltr'>esset</span> 
     </span>
     <span class='ocr_line' id='line_1_18' title="bbox 363 1382 2039 1433; baseline 0.001 -13"><span class='ocrx_word' id='word_1_158' title='bbox 363 1387 409 1422; x_wconf 89' lang='lat' dir='ltr'>ad</span> <span class='ocrx_word' id='word_1_159' title='bbox 434 1385 642 1433; x_wconf 88' lang='lat' dir='ltr'>regionem,</span> <span class='ocrx_word' id='word_1_160' title='bbox 671 1396 765 1430; x_wconf 83' lang='lat' dir='ltr'>quae</span> <span class='ocrx_word' id='word_1_161' title='bbox 793 1384 979 1419; x_wconf 79' lang='lat' dir='ltr'>Mareotis</span> <span class='ocrx_word' id='word_1_162' title='bbox 1004 1382 1132 1430; x_wconf 76' lang='lat' dir='ltr'>Libya</span> <span class='ocrx_word' id='word_1_163' title='bbox 1150 1382 1367 1430; x_wconf 80' lang='lat' dir='ltr'>appellatur,</span> <span class='ocrx_word' id='word_1_164' title='bbox 1393 1386 1573 1433; x_wconf 76' lang='lat' dir='ltr'>Aegypto</span> <span class='ocrx_word' id='word_1_165' title='bbox 1594 1385 1815 1420; x_wconf 79' lang='lat' dir='ltr'>contermina</span> <span class='ocrx_word' id='word_1_166' title='bbox 1840 1388 1896 1428; x_wconf 90' lang='lat' dir='ltr'>(ut</span> <span class='ocrx_word' id='word_1_167' title='bbox 1912 1393 2039 1421; x_wconf 88' lang='lat' dir='ltr'>noster</span> 
     </span>
     <span class='ocr_line' id='line_1_19' title="bbox 360 1448 2038 1496; baseline -0.001 -10"><span class='ocrx_word' id='word_1_168' title='bbox 360 1452 450 1487; x_wconf 89' lang='lat' dir='ltr'>dicit</span> <span class='ocrx_word' id='word_1_169' title='bbox 477 1450 514 1486; x_wconf 93' lang='lat' dir='ltr'>h.</span> <span class='ocrx_word' id='word_1_170' title='bbox 534 1450 561 1486; x_wconf 92' lang='lat' dir='ltr'>l.</span> <span class='ocrx_word' id='word_1_171' title='bbox 590 1463 671 1495; x_wconf 85' lang='lat' dir='ltr'>cap.</span> <span class='ocrx_word' id='word_1_172' title='bbox 698 1454 735 1486; x_wconf 89' lang='grc'>6.</span> <span class='ocrx_word' id='word_1_173' title='bbox 763 1457 854 1484; x_wconf 87' lang='lat' dir='ltr'>sect.</span> <span class='ocrx_word' id='word_1_174' title='bbox 882 1453 917 1484; x_wconf 90' lang='grc'>6.</span> <span class='ocrx_word' id='word_1_175' title='bbox 945 1450 1058 1493; x_wconf 88' lang='lat' dir='ltr'>init.),</span> <span class='ocrx_word' id='word_1_176' title='bbox 1086 1460 1152 1484; x_wconf 89' lang='lat' dir='ltr'>nos</span> <span class='ocrx_word' id='word_1_177' title='bbox 1178 1448 1364 1494; x_wconf 89' lang='lat' dir='ltr'>prohibet,</span> <span class='ocrx_word' id='word_1_178' title='bbox 1391 1457 1428 1485; x_wconf 90' lang='lat' dir='ltr'>et</span> <span class='ocrx_word' id='word_1_179' title='bbox 1454 1449 1551 1496; x_wconf 89' lang='lat' dir='ltr'>quod</span> <span class='ocrx_word' id='word_1_180' title='bbox 1577 1449 1701 1484; x_wconf 90' lang='lat' dir='ltr'>dicere</span> <span class='ocrx_word' id='word_1_181' title='bbox 1727 1461 1802 1485; x_wconf 92' lang='lat' dir='ltr'>non</span> <span class='ocrx_word' id='word_1_182' title='bbox 1827 1461 2038 1496; x_wconf 88' lang='lat' dir='ltr'>possumus,</span> 
     </span>
     <span class='ocr_line' id='line_1_20' title="bbox 365 1512 2038 1563; baseline 0 -13"><span class='ocrx_word' id='word_1_183' title='bbox 365 1515 572 1562; x_wconf 86' lang='lat' dir='ltr'>Libyam</span> <span class='ocrx_word' id='word_1_184' title='bbox 597 1512 781 1560; x_wconf 85' lang='lat' dir='ltr'>appellari</span> <span class='ocrx_word' id='word_1_185' title='bbox 806 1512 1020 1561; x_wconf 88' lang='lat' dir='ltr'>regionem,</span> <span class='ocrx_word' id='word_1_186' title='bbox 1047 1525 1141 1560; x_wconf 88' lang='lat' dir='ltr'>quae</span> <span class='ocrx_word' id='word_1_187' title='bbox 1167 1514 1216 1549; x_wconf 90' lang='lat' dir='ltr'>sit</span> <span class='ocrx_word' id='word_1_188' title='bbox 1240 1514 1287 1550; x_wconf 90' lang='lat' dir='ltr'>in</span> <span class='ocrx_word' id='word_1_189' title='bbox 1314 1514 1419 1551; x_wconf 91' lang='lat' dir='ltr'>fine</span> <span class='ocrx_word' id='word_1_190' title='bbox 1444 1515 1528 1563; x_wconf 84' lang='lat' dir='ltr'>ejus</span> <span class='ocrx_word' id='word_1_191' title='bbox 1553 1514 1680 1559; x_wconf 84' lang='lat' dir='ltr'>maris,</span> <span class='ocrx_word' id='word_1_192' title='bbox 1706 1514 1803 1562; x_wconf 92' lang='lat' dir='ltr'>quod</span> <span class='ocrx_word' id='word_1_193' title='bbox 1829 1513 1875 1551; x_wconf 85' lang='lat' dir='ltr'>ab</span> <span class='ocrx_word' id='word_1_194' title='bbox 1900 1527 1946 1550; x_wconf 89' lang='lat' dir='ltr'>ea</span> <span class='ocrx_word' id='word_1_195' title='bbox 1972 1527 2038 1551; x_wconf 88' lang='lat' dir='ltr'>no-</span> 
     </span>
     <span class='ocr_line' id='line_1_21' title="bbox 362 1578 2038 1626; baseline -0.002 -9"><span class='ocrx_word' id='word_1_196' title='bbox 362 1583 543 1617; x_wconf 89' lang='lat' dir='ltr'>minatum</span> <span class='ocrx_word' id='word_1_197' title='bbox 580 1580 630 1615; x_wconf 87' lang='lat' dir='ltr'>sit</span> <span class='ocrx_word' id='word_1_198' title='bbox 662 1578 865 1626; x_wconf 85' lang='lat' dir='ltr'>Libycum:</span> <span class='ocrx_word' id='word_1_199' title='bbox 907 1586 944 1614; x_wconf 92' lang='lat' dir='ltr'>et</span> <span class='ocrx_word' id='word_1_200' title='bbox 978 1579 1076 1625; x_wconf 92' lang='lat' dir='ltr'>quod</span> <span class='ocrx_word' id='word_1_201' title='bbox 1102 1579 1260 1615; x_wconf 88' lang='lat' dir='ltr'>nominis</span> <span class='ocrx_word' id='word_1_202' title='bbox 1285 1578 1475 1626; x_wconf 84' lang='lat' dir='ltr'>Libyae</span> <span class='ocrx_word' id='word_1_203' title='bbox 1499 1580 1556 1614; x_wconf 87' lang='lat' dir='ltr'>vis</span> <span class='ocrx_word' id='word_1_204' title='bbox 1583 1592 1650 1624; x_wconf 87' lang='lat' dir='ltr'>ea,</span> <span class='ocrx_word' id='word_1_205' title='bbox 1691 1593 1763 1626; x_wconf 89' lang='lat' dir='ltr'>qua</span> <span class='ocrx_word' id='word_1_206' title='bbox 1788 1578 2038 1614; x_wconf 87' lang='lat' dir='ltr'>Mareotin</span> 
     </span>
     <span class='ocr_line' id='line_1_22' title="bbox 358 1638 2037 1692; baseline -0.002 -11"><span class='ocrx_word' id='word_1_207' title='bbox 358 1645 589 1692; x_wconf 82' lang='lat' dir='ltr'>Libyam,</span> <span class='ocrx_word' id='word_1_208' title='bbox 640 1642 719 1691; x_wconf 74' lang='lat' dir='ltr'>rry&#39;v</span> <span class='ocrx_word' id='word_1_209' title='bbox 747 1638 857 1683; x_wconf 81' lang='grc' dir='ltr'><em>ἰδίως</em></span> <span class='ocrx_word' id='word_1_210' title='bbox 881 1641 1047 1690; x_wconf 74' lang='grc' dir='ltr'><em>Λιβύην</em></span> <span class='ocrx_word' id='word_1_211' title='bbox 1073 1643 1284 1691; x_wconf 87' lang='lat' dir='ltr'>significet,</span> <span class='ocrx_word' id='word_1_212' title='bbox 1336 1642 1563 1680; x_wconf 89' lang='lat' dir='ltr'>Graecorum</span> <span class='ocrx_word' id='word_1_213' title='bbox 1589 1656 1663 1680; x_wconf 91' lang='lat' dir='ltr'>non</span> <span class='ocrx_word' id='word_1_214' title='bbox 1690 1650 1749 1679; x_wconf 90' lang='lat' dir='ltr'>est</span> <span class='ocrx_word' id='word_1_215' title='bbox 1773 1644 1944 1689; x_wconf 87' lang='lat' dir='ltr'>propria,</span> <span class='ocrx_word' id='word_1_216' title='bbox 1971 1643 2037 1679; x_wconf 93' lang='lat' dir='ltr'>sed</span> 
     </span>
     <span class='ocr_line' id='line_1_23' title="bbox 360 1706 2038 1757; baseline -0.002 -12"><span class='ocrx_word' id='word_1_217' title='bbox 360 1710 429 1746; x_wconf 87' lang='lat' dir='ltr'>illa</span> <span class='ocrx_word' id='word_1_218' title='bbox 463 1708 576 1745; x_wconf 90' lang='lat' dir='ltr'>latius</span> <span class='ocrx_word' id='word_1_219' title='bbox 612 1714 768 1753; x_wconf 85' lang='lat' dir='ltr'>patens,</span> <span class='ocrx_word' id='word_1_220' title='bbox 804 1719 876 1754; x_wconf 88' lang='lat' dir='ltr'>qua</span> <span class='ocrx_word' id='word_1_221' title='bbox 901 1706 978 1756; x_wconf 73' lang='grc' dir='ltr'>τήν</span> <span class='ocrx_word' id='word_1_222' title='bbox 1017 1706 1123 1757; x_wconf 64' lang='grc' dir='ltr'>ὅλην</span> <span class='ocrx_word' id='word_1_223' title='bbox 1148 1706 1313 1757; x_wconf 69' lang='grc' dir='ltr'>Λιβύῃν</span> <span class='ocrx_word' id='word_1_224' title='bbox 1340 1707 1603 1755; x_wconf 82' lang='lat' dir='ltr'>amplectatur:</span> <span class='ocrx_word' id='word_1_225' title='bbox 1654 1715 1914 1755; x_wconf 86' lang='lat' dir='ltr'>praeterquam</span> <span class='ocrx_word' id='word_1_226' title='bbox 1941 1707 2038 1754; x_wconf 92' lang='lat' dir='ltr'>quod</span> 
     </span>
     <span class='ocr_line' id='line_1_24' title="bbox 362 1771 2036 1821; baseline -0.002 -12"><span class='ocrx_word' id='word_1_227' title='bbox 362 1775 422 1809; x_wconf 89' lang='lat' dir='ltr'>hic</span> <span class='ocrx_word' id='word_1_228' title='bbox 446 1775 483 1809; x_wconf 93' lang='lat' dir='ltr'>in</span> <span class='ocrx_word' id='word_1_229' title='bbox 508 1774 614 1807; x_wconf 90' lang='lat' dir='ltr'>initio</span> <span class='ocrx_word' id='word_1_230' title='bbox 642 1771 728 1806; x_wconf 89' lang='lat' dir='ltr'>libri</span> <span class='ocrx_word' id='word_1_231' title='bbox 755 1772 800 1806; x_wconf 92' lang='lat' dir='ltr'>de</span> <span class='ocrx_word' id='word_1_232' title='bbox 826 1771 956 1806; x_wconf 86' lang='lat' dir='ltr'>Africa</span> <span class='ocrx_word' id='word_1_233' title='bbox 982 1773 1178 1816; x_wconf 86' lang='lat' dir='ltr'>universa,</span> <span class='ocrx_word' id='word_1_234' title='bbox 1215 1785 1290 1808; x_wconf 91' lang='lat' dir='ltr'>non</span> <span class='ocrx_word' id='word_1_235' title='bbox 1317 1773 1362 1807; x_wconf 89' lang='lat' dir='ltr'>de</span> <span class='ocrx_word' id='word_1_236' title='bbox 1387 1780 1493 1819; x_wconf 90' lang='lat' dir='ltr'>parte</span> <span class='ocrx_word' id='word_1_237' title='bbox 1520 1773 1669 1821; x_wconf 89' lang='lat' dir='ltr'>aliqua,</span> <span class='ocrx_word' id='word_1_238' title='bbox 1709 1784 1920 1809; x_wconf 88' lang='lat' dir='ltr'>sermonem</span> <span class='ocrx_word' id='word_1_239' title='bbox 1950 1784 2036 1807; x_wconf 88' lang='lat' dir='ltr'>esse</span> 
     </span>
     <span class='ocr_line' id='line_1_25' title="bbox 361 1834 2036 1885; baseline -0.001 -12"><span class='ocrx_word' id='word_1_240' title='bbox 361 1851 426 1885; x_wconf 87' lang='lat' dir='ltr'>per</span> <span class='ocrx_word' id='word_1_241' title='bbox 466 1850 507 1873; x_wconf 88' lang='lat' dir='ltr'>se</span> <span class='ocrx_word' id='word_1_242' title='bbox 542 1844 599 1872; x_wconf 89' lang='lat' dir='ltr'>est</span> <span class='ocrx_word' id='word_1_243' title='bbox 633 1834 848 1870; x_wconf 88' lang='lat' dir='ltr'>verisimile.</span> <span class='ocrx_word' id='word_1_244' title='bbox 881 1856 925 1862; x_wconf 91' lang='lat'>—-</span> <span class='ocrx_word' id='word_1_245' title='bbox 985 1834 1061 1872; x_wconf 89' lang='lat' dir='ltr'>Sed</span> <span class='ocrx_word' id='word_1_246' title='bbox 1094 1835 1189 1872; x_wconf 90' lang='lat' dir='ltr'>illud</span> <span class='ocrx_word' id='word_1_247' title='bbox 1215 1850 1361 1885; x_wconf 87' lang='lat' dir='ltr'>quoque</span> <span class='ocrx_word' id='word_1_248' title='bbox 1388 1838 1572 1885; x_wconf 91' lang='lat' dir='ltr'>quomodo</span> <span class='ocrx_word' id='word_1_249' title='bbox 1600 1837 1750 1873; x_wconf 87' lang='lat' dir='ltr'>defendi</span> <span class='ocrx_word' id='word_1_250' title='bbox 1774 1838 1908 1883; x_wconf 87' lang='lat' dir='ltr'>possit,</span> <span class='ocrx_word' id='word_1_251' title='bbox 1934 1838 2036 1884; x_wconf 92' lang='lat' dir='ltr'>equi-</span> 
     </span>
     <span class='ocr_line' id='line_1_26' title="bbox 366 1898 2037 1949; baseline -0.002 -9"><span class='ocrx_word' id='word_1_252' title='bbox 366 1904 451 1940; x_wconf 88' lang='lat' dir='ltr'>dem</span> <span class='ocrx_word' id='word_1_253' title='bbox 477 1903 619 1938; x_wconf 89' lang='lat' dir='ltr'>nescio.</span> <span class='ocrx_word' id='word_1_254' title='bbox 673 1898 746 1942; x_wconf 82' lang='lat' dir='ltr'>Qui</span> <span class='ocrx_word' id='word_1_255' title='bbox 772 1901 870 1936; x_wconf 92' lang='lat' dir='ltr'>enim</span> <span class='ocrx_word' id='word_1_256' title='bbox 895 1901 1079 1947; x_wconf 84' lang='lat' dir='ltr'>scriptor,</span> <span class='ocrx_word' id='word_1_257' title='bbox 1120 1914 1285 1948; x_wconf 88' lang='lat' dir='ltr'>quaeso,</span> <span class='ocrx_word' id='word_1_258' title='bbox 1311 1915 1473 1948; x_wconf 90' lang='lat' dir='ltr'>unquam</span> <span class='ocrx_word' id='word_1_259' title='bbox 1497 1909 1576 1947; x_wconf 92' lang='lat' dir='ltr'>tot,</span> <span class='ocrx_word' id='word_1_260' title='bbox 1603 1909 1692 1949; x_wconf 87' lang='lat' dir='ltr'>quot</span> <span class='ocrx_word' id='word_1_261' title='bbox 1717 1902 1765 1937; x_wconf 88' lang='lat' dir='ltr'>ad</span> <span class='ocrx_word' id='word_1_262' title='bbox 1791 1900 2037 1947; x_wconf 87' lang='lat' dir='ltr'>supplendam</span> 
     </span>
     <span class='ocr_line' id='line_1_27' title="bbox 366 1963 2036 2012; baseline -0.002 -8"><span class='ocrx_word' id='word_1_263' title='bbox 366 1967 593 2004; x_wconf 83' lang='lat' dir='ltr'>sententiam</span> <span class='ocrx_word' id='word_1_264' title='bbox 620 1963 679 1999; x_wconf 89' lang='lat' dir='ltr'>hic</span> <span class='ocrx_word' id='word_1_265' title='bbox 706 1964 876 2000; x_wconf 81' lang='lat' dir='ltr'>addenda</span> <span class='ocrx_word' id='word_1_266' title='bbox 902 1972 1043 2009; x_wconf 85' lang='lat' dir='ltr'>essent,</span> <span class='ocrx_word' id='word_1_267' title='bbox 1070 1964 1186 2001; x_wconf 87' lang='lat' dir='ltr'>verba</span> <span class='ocrx_word' id='word_1_268' title='bbox 1210 1967 1470 2011; x_wconf 87' lang='lat' dir='ltr'>suppresserit,</span> <span class='ocrx_word' id='word_1_269' title='bbox 1497 1966 1682 2003; x_wconf 87' lang='lat' dir='ltr'>dixeritve</span> <span class='ocrx_word' id='word_1_270' title='bbox 1709 1974 1846 2002; x_wconf 88' lang='lat' dir='ltr'>terram</span> <span class='ocrx_word' id='word_1_271' title='bbox 1872 1966 2036 2012; x_wconf 86' lang='lat' dir='ltr'>aliquam</span> 
     </span>
     <span class='ocr_line' id='line_1_28' title="bbox 360 2029 2035 2079; baseline -0.001 -12"><span class='ocrx_word' id='word_1_272' title='bbox 360 2034 398 2068; x_wconf 92' lang='lat' dir='ltr'>in</span> <span class='ocrx_word' id='word_1_273' title='bbox 435 2038 578 2067; x_wconf 85' lang='lat' dir='ltr'>tantum</span> <span class='ocrx_word' id='word_1_274' title='bbox 614 2041 657 2064; x_wconf 86' lang='lat' dir='ltr'>se</span> <span class='ocrx_word' id='word_1_275' title='bbox 694 2029 918 2074; x_wconf 81' lang='lat' dir='ltr'>extendere,</span> <span class='ocrx_word' id='word_1_276' title='bbox 954 2031 993 2065; x_wconf 91' lang='lat' dir='ltr'>in</span> <span class='ocrx_word' id='word_1_277' title='bbox 1029 2036 1205 2076; x_wconf 83' lang='lat' dir='ltr'>quantum</span> <span class='ocrx_word' id='word_1_278' title='bbox 1230 2042 1353 2075; x_wconf 88' lang='lat' dir='ltr'>mare,</span> <span class='ocrx_word' id='word_1_279' title='bbox 1396 2031 1515 2078; x_wconf 90' lang='lat' dir='ltr'>quod,</span> <span class='ocrx_word' id='word_1_280' title='bbox 1539 2038 1580 2067; x_wconf 91' lang='lat' dir='ltr'>ut</span> <span class='ocrx_word' id='word_1_281' title='bbox 1597 2032 1680 2079; x_wconf 88' lang='lat' dir='ltr'>jam</span> <span class='ocrx_word' id='word_1_282' title='bbox 1705 2031 1853 2074; x_wconf 90' lang='lat' dir='ltr'>monui,</span> <span class='ocrx_word' id='word_1_283' title='bbox 1881 2030 1927 2066; x_wconf 84' lang='lat' dir='ltr'>ab</span> <span class='ocrx_word' id='word_1_284' title='bbox 1953 2031 2035 2076; x_wconf 87' lang='lat' dir='ltr'>ipsa</span> 
     </span>
     <span class='ocr_line' id='line_1_29' title="bbox 360 2092 2034 2140; baseline -0.001 -8"><span class='ocrx_word' id='word_1_285' title='bbox 360 2109 495 2132; x_wconf 90' lang='lat' dir='ltr'>nomen</span> <span class='ocrx_word' id='word_1_286' title='bbox 533 2093 746 2139; x_wconf 69' lang='lat' dir='ltr'>acceperit?</span> <span class='ocrx_word' id='word_1_287' title='bbox 787 2092 934 2129; x_wconf 89' lang='lat' dir='ltr'>Deinde</span> <span class='ocrx_word' id='word_1_288' title='bbox 967 2094 1121 2129; x_wconf 81' lang='lat' dir='ltr'>Africae</span> <span class='ocrx_word' id='word_1_289' title='bbox 1155 2096 1304 2129; x_wconf 91' lang='lat' dir='ltr'>nomine</span> <span class='ocrx_word' id='word_1_290' title='bbox 1337 2096 1543 2140; x_wconf 86' lang='lat' dir='ltr'>praemisso</span> <span class='ocrx_word' id='word_1_291' title='bbox 1569 2107 1694 2130; x_wconf 89' lang='lat' dir='ltr'>nonne</span> <span class='ocrx_word' id='word_1_292' title='bbox 1719 2093 1859 2129; x_wconf 86' lang='lat' dir='ltr'>haecce</span> <span class='ocrx_word' id='word_1_293' title='bbox 1885 2095 2034 2130; x_wconf 92' lang='lat' dir='ltr'>omnino</span> 
     </span>
     <span class='ocr_line' id='line_1_30' title="bbox 362 2150 1643 2206; baseline -0.002 -11"><span class='ocrx_word' id='word_1_294' title='bbox 362 2167 448 2195; x_wconf 81' lang='lat' dir='ltr'>sunt</span> <span class='ocrx_word' id='word_1_295' title='bbox 474 2159 596 2194; x_wconf 90' lang='lat' dir='ltr'>otiosa</span> <span class='ocrx_word' id='word_1_296' title='bbox 623 2164 661 2192; x_wconf 89' lang='lat' dir='ltr'>et</span> <span class='ocrx_word' id='word_1_297' title='bbox 685 2169 896 2193; x_wconf 87' lang='lat' dir='ltr'>sermonem</span> <span class='ocrx_word' id='word_1_298' title='bbox 924 2150 1131 2195; x_wconf 83' lang='lat' dir='ltr'>obscurant</span> <span class='ocrx_word' id='word_1_299' title='bbox 1149 2160 1270 2205; x_wconf 90' lang='lat' dir='ltr'>potius</span> <span class='ocrx_word' id='word_1_300' title='bbox 1298 2170 1407 2206; x_wconf 86' lang='lat' dir='ltr'>quam</span> <span class='ocrx_word' id='word_1_301' title='bbox 1431 2157 1643 2194; x_wconf 64' lang='lat' dir='ltr'>illustrant?</span> 
     </span>
    </p>

    <p class='ocr_par' dir='ltr' id='par_1_7' title="bbox 357 2221 2064 2658">
     <span class='ocr_line' id='line_1_31' title="bbox 504 2221 2034 2270; baseline 0.001 -11"><span class='ocrx_word' id='word_1_302' title='bbox 504 2223 563 2259; x_wconf 89' lang='lat' dir='ltr'>Ad</span> <span class='ocrx_word' id='word_1_303' title='bbox 608 2221 726 2258; x_wconf 88' lang='lat' dir='ltr'>libros</span> <span class='ocrx_word' id='word_1_304' title='bbox 765 2221 879 2269; x_wconf 88' lang='lat' dir='ltr'>igitur</span> <span class='ocrx_word' id='word_1_305' title='bbox 917 2235 1030 2259; x_wconf 88' lang='lat' dir='ltr'>manu</span> <span class='ocrx_word' id='word_1_306' title='bbox 1068 2224 1223 2270; x_wconf 85' lang='lat' dir='ltr'>scriptos</span> <span class='ocrx_word' id='word_1_307' title='bbox 1263 2236 1332 2260; x_wconf 91' lang='lat' dir='ltr'>nos</span> <span class='ocrx_word' id='word_1_308' title='bbox 1374 2230 1633 2258; x_wconf 85' lang='lat' dir='ltr'>convertamus</span> <span class='ocrx_word' id='word_1_309' title='bbox 1669 2229 1838 2269; x_wconf 88' lang='lat' dir='ltr'>oportet,</span> <span class='ocrx_word' id='word_1_310' title='bbox 1881 2235 2034 2270; x_wconf 89' lang='lat' dir='ltr'>quorum</span> 
     </span>
     <span class='ocr_line' id='line_1_32' title="bbox 360 2285 2034 2336; baseline -0.001 -11"><span class='ocrx_word' id='word_1_311' title='bbox 360 2302 431 2336; x_wconf 90' lang='lat' dir='ltr'>ope</span> <span class='ocrx_word' id='word_1_312' title='bbox 467 2288 586 2324; x_wconf 90' lang='lat' dir='ltr'>nodus</span> <span class='ocrx_word' id='word_1_313' title='bbox 621 2285 803 2322; x_wconf 84' lang='lat' dir='ltr'>facillime</span> <span class='ocrx_word' id='word_1_314' title='bbox 829 2286 1045 2332; x_wconf 85' lang='lat' dir='ltr'>expeditur,</span> <span class='ocrx_word' id='word_1_315' title='bbox 1086 2301 1196 2334; x_wconf 88' lang='lat' dir='ltr'>quum</span> <span class='ocrx_word' id='word_1_316' title='bbox 1220 2289 1260 2323; x_wconf 92' lang='lat' dir='ltr'>in</span> <span class='ocrx_word' id='word_1_317' title='bbox 1287 2299 1415 2323; x_wconf 91' lang='lat' dir='ltr'>eorum</span> <span class='ocrx_word' id='word_1_318' title='bbox 1448 2287 1709 2322; x_wconf 87' lang='lat' dir='ltr'>vetustissimis</span> <span class='ocrx_word' id='word_1_319' title='bbox 1736 2299 1802 2332; x_wconf 89' lang='lat' dir='ltr'>pro</span> <span class='ocrx_word' id='word_1_320' title='bbox 1827 2288 1897 2331; x_wconf 84' lang='lat' dir='ltr'>iis,</span> <span class='ocrx_word' id='word_1_321' title='bbox 1940 2299 2034 2334; x_wconf 88' lang='lat' dir='ltr'>quae</span> 
     </span>
     <span class='ocr_line' id='line_1_33' title="bbox 360 2350 2035 2400; baseline 0.001 -12"><span class='ocrx_word' id='word_1_322' title='bbox 360 2353 457 2388; x_wconf 86' lang='lat' dir='ltr'>hunc</span> <span class='ocrx_word' id='word_1_323' title='bbox 489 2351 614 2387; x_wconf 86' lang='lat' dir='ltr'>locum</span> <span class='ocrx_word' id='word_1_324' title='bbox 639 2350 924 2386; x_wconf 85' lang='lat' dir='ltr'>vexatissimum</span> <span class='ocrx_word' id='word_1_325' title='bbox 949 2351 1118 2396; x_wconf 91' lang='lat' dir='ltr'>reddunt,</span> <span class='ocrx_word' id='word_1_326' title='bbox 1146 2351 1286 2397; x_wconf 87' lang='lat' dir='ltr'>verbis,</span> <span class='ocrx_word' id='word_1_327' title='bbox 1310 2364 1382 2400; x_wconf 80' lang='lat' dir='ltr'>qua</span> <span class='ocrx_word' id='word_1_328' title='bbox 1408 2359 1446 2388; x_wconf 91' lang='lat' dir='ltr'>et</span> <span class='ocrx_word' id='word_1_329' title='bbox 1470 2352 1654 2399; x_wconf 83' lang='lat' dir='ltr'>incipiens,</span> <span class='ocrx_word' id='word_1_330' title='bbox 1679 2350 1827 2400; x_wconf 85' lang='lat' dir='ltr'>legatur</span> <span class='ocrx_word' id='word_1_331' title='bbox 1851 2351 2035 2398; x_wconf 84' lang='lat' dir='ltr'>particula</span> 
     </span>
     <span class='ocr_line' id='line_1_34' title="bbox 357 2413 2034 2466; baseline 0.001 -16"><span class='ocrx_word' id='word_1_332' title='bbox 357 2427 406 2454; x_wconf 73' lang='lat' dir='ltr'>et.</span> <span class='ocrx_word' id='word_1_333' title='bbox 447 2435 496 2443; x_wconf 76' lang='lat'>——</span> <span class='ocrx_word' id='word_1_334' title='bbox 555 2413 600 2450; x_wconf 94' lang='lat' dir='ltr'>In</span> <span class='ocrx_word' id='word_1_335' title='bbox 632 2414 871 2461; x_wconf 88' lang='lat' dir='ltr'>sequentibus</span> <span class='ocrx_word' id='word_1_336' title='bbox 898 2415 943 2450; x_wconf 95' lang='lat' dir='ltr'>de</span> <span class='ocrx_word' id='word_1_337' title='bbox 971 2428 1015 2451; x_wconf 93' lang='lat' dir='ltr'>eo</span> <span class='ocrx_word' id='word_1_338' title='bbox 1042 2415 1181 2465; x_wconf 87' lang='lat' dir='ltr'>ambigi</span> <span class='ocrx_word' id='word_1_339' title='bbox 1206 2417 1348 2462; x_wconf 89' lang='lat' dir='ltr'>possit,</span> <span class='ocrx_word' id='word_1_340' title='bbox 1385 2428 1470 2451; x_wconf 91' lang='lat' dir='ltr'>num</span> <span class='ocrx_word' id='word_1_341' title='bbox 1496 2415 1730 2451; x_wconf 85' lang='lat' dir='ltr'>scribendum</span> <span class='ocrx_word' id='word_1_342' title='bbox 1758 2417 1808 2451; x_wconf 86' lang='lat' dir='ltr'>sit</span> <span class='ocrx_word' id='word_1_343' title='bbox 1830 2418 2034 2466; x_wconf 73' lang='lat' dir='ltr'>Aegyptio,</span> 
     </span>
     <span class='ocr_line' id='line_1_35' title="bbox 359 2478 2033 2530; baseline -0.002 -13"><span class='ocrx_word' id='word_1_344' title='bbox 359 2483 458 2529; x_wconf 91' lang='lat' dir='ltr'>quod</span> <span class='ocrx_word' id='word_1_345' title='bbox 483 2482 521 2516; x_wconf 90' lang='lat' dir='ltr'>in</span> <span class='ocrx_word' id='word_1_346' title='bbox 548 2479 826 2515; x_wconf 87' lang='lat' dir='ltr'>Parisiensibus</span> <span class='ocrx_word' id='word_1_347' title='bbox 852 2485 890 2513; x_wconf 92' lang='lat' dir='ltr'>et</span> <span class='ocrx_word' id='word_1_348' title='bbox 915 2480 954 2515; x_wconf 91' lang='lat' dir='ltr'>in</span> <span class='ocrx_word' id='word_1_349' title='bbox 974 2478 1223 2515; x_wconf 87' lang='lat' dir='ltr'>Riccardiano</span> <span class='ocrx_word' id='word_1_350' title='bbox 1259 2487 1331 2524; x_wconf 88' lang='lat' dir='ltr'>est,</span> <span class='ocrx_word' id='word_1_351' title='bbox 1357 2492 1404 2516; x_wconf 88' lang='lat' dir='ltr'>an</span> <span class='ocrx_word' id='word_1_352' title='bbox 1429 2483 1619 2530; x_wconf 76' lang='lat' dir='ltr'>Aegypto,</span> <span class='ocrx_word' id='word_1_353' title='bbox 1647 2480 1745 2528; x_wconf 91' lang='lat' dir='ltr'>quod</span> <span class='ocrx_word' id='word_1_354' title='bbox 1768 2492 1817 2515; x_wconf 90' lang='lat' dir='ltr'>ex</span> <span class='ocrx_word' id='word_1_355' title='bbox 1843 2479 2033 2515; x_wconf 89' lang='lat' dir='ltr'>codicibus</span> 
     </span>
     <span class='ocr_line' id='line_1_36' title="bbox 357 2542 2033 2592; baseline -0.002 -10"><span class='ocrx_word' id='word_1_356' title='bbox 357 2546 453 2582; x_wconf 88' lang='lat' dir='ltr'>Mss.</span> <span class='ocrx_word' id='word_1_357' title='bbox 476 2546 585 2582; x_wconf 82' lang='lat' dir='ltr'>affert</span> <span class='ocrx_word' id='word_1_358' title='bbox 605 2543 814 2588; x_wconf 88' lang='lat' dir='ltr'>Pintianus,</span> <span class='ocrx_word' id='word_1_359' title='bbox 840 2550 878 2577; x_wconf 91' lang='lat' dir='ltr'>et</span> <span class='ocrx_word' id='word_1_360' title='bbox 903 2556 972 2592; x_wconf 92' lang='lat' dir='ltr'>ego</span> <span class='ocrx_word' id='word_1_361' title='bbox 998 2545 1036 2579; x_wconf 91' lang='lat' dir='ltr'>in</span> <span class='ocrx_word' id='word_1_362' title='bbox 1064 2543 1283 2591; x_wconf 85' lang='lat' dir='ltr'>quibusdam</span> <span class='ocrx_word' id='word_1_363' title='bbox 1309 2544 1576 2582; x_wconf 87' lang='lat' dir='ltr'>recentioribus</span> <span class='ocrx_word' id='word_1_364' title='bbox 1602 2545 1679 2581; x_wconf 89' lang='lat' dir='ltr'>vidi</span> <span class='ocrx_word' id='word_1_365' title='bbox 1695 2544 1800 2580; x_wconf 89' lang='lat' dir='ltr'>libris</span> <span class='ocrx_word' id='word_1_366' title='bbox 1821 2542 1916 2579; x_wconf 87' lang='lat' dir='ltr'>Mss.</span> <span class='ocrx_word' id='word_1_367' title='bbox 1957 2542 2033 2579; x_wconf 88' lang='lat' dir='ltr'>Sed</span> 
     </span>
     <span class='ocr_line' id='line_1_37' title="bbox 364 2596 2064 2658; baseline -0.004 -10"><span class='ocrx_word' id='word_1_368' title='bbox 364 2623 584 2658; x_wconf 87' lang='lat' dir='ltr'>quamquam</span> <span class='ocrx_word' id='word_1_369' title='bbox 609 2607 704 2645; x_wconf 90' lang='lat' dir='ltr'>illud</span> <span class='ocrx_word' id='word_1_370' title='bbox 730 2609 924 2657; x_wconf 74' lang='lat' dir='ltr'>Aegyptio</span> <span class='ocrx_word' id='word_1_371' title='bbox 953 2608 1230 2647; x_wconf 82' lang='lat' dir='ltr'>commendatur</span> <span class='ocrx_word' id='word_1_372' title='bbox 1255 2610 1367 2646; x_wconf 85' lang='lat' dir='ltr'>etiam</span> <span class='ocrx_word' id='word_1_373' title='bbox 1394 2608 1588 2646; x_wconf 80' lang='lat' dir='ltr'>Strabonis</span> <span class='ocrx_word' id='word_1_374' title='bbox 1615 2609 1723 2645; x_wconf 87' lang='lat' dir='ltr'>loco:</span> <span class='ocrx_word' id='word_1_375' title='bbox 1759 2607 1840 2652; x_wconf 92' lang='lat' dir='ltr'>(lib.</span> <span class='ocrx_word' id='word_1_376' title='bbox 1868 2606 1918 2642; x_wconf 89' lang='grc' dir='ltr'>ΙΙ.</span> <span class='ocrx_word' id='word_1_377' title='bbox 1946 2620 2030 2656; x_wconf 82' lang='lat' dir='ltr'>pag.</span> <span class='ocrx_word' id='word_1_378' title='bbox 2060 2596 2064 2607; x_wconf 59' lang='lat'>⁸</span> 
     </span>
    </p>
   </div>
  </div>
 </body>
</html>
