2290 3201
971 277 1018 312 1⁵(

142 405 244 435 :sech
283 401 338 433 11.
379 395 446 431 sub
485 395 555 429 fin:
600 395 733 429 Nullas
769 404 824 429 est
859 396 953 430 alius
985 397 1108 438 cibus,
1155 396 1219 443 qui
1250 397 1286 430 in
1320 398 1549 444 aegritudine
1580 400 1685 435 alat
1725 412 1838 447 neque

146 470 290 497 vouer-et.
344 459 461 495 Utiles
488 470 578 494 vero
609 471 657 495 ex
684 458 813 508 glossa
840 466 959 496 ortum
988 471 1073 495 esse
1098 460 1338 496 manifestum
1366 468 1436 495 est.

296 523 399 559 Infra
433 525 472 558 in
507 522 648 559 verbis:
683 527 838 571 propius
873 517 1061 560 admoveri
1084 526 1173 561 satis
1200 525 1349 561 halitum
1376 526 1502 561 inutile
1531 538 1590 561 me
1617 528 1774 563 offendit
1801 536 1836 562 et

155 589 327 635 repetitio
353 589 458 623 vocis
483 590 600 630 satis,
644 595 681 624 et
704 588 799 625 illud
822 589 974 626 halitum
1000 596 1075 625 tam
1100 590 1196 625 nude
1223 590 1405 636 positum:
1446 588 1518 624 hoc
1546 592 1643 627 enini
1676 591 1840 626 vocabu-

156 652 252 695 lum,
279 652 342 686 ubi
369 651 463 686 nihil
491 652 650 696 additur,
677 652 756 687 fere
782 653 972 701 significat
994 653 1140 690 halitum
1165 656 1254 697 oris,
1282 662 1321 689 ut
1347 655 1434 689 Lib.
1452 653 1544 690 XII.
1574 668 1654 700 cap.
1682 660 1716 691 3.
1746 665 1837 692 sect.

155 720 189 752 7.
217 718 254 751 in
281 716 375 753 fine:
425 718 697 752 commendandi
729 718 914 754 halitus
946 719 1081 765 gratita.
1107 739 1154 744 —
1213 718 1300 754 Lib.
1330 717 1481 755 XXIII.
1520 726 1605 765 post
1631 720 1728 755 med.
1759 732 1840 766 cap.

152 785 211 821 4.;
248 787 341 815 sect.
366 783 426 815 48.
489 781 574 816 Oris
599 789 634 815 et
660 780 848 816 halitus
872 782 1097 817 suavitatem
1120 785 1349 818 commendat
1374 784 1519 831 linguae
1544 785 1724 818 subditum
1749 788 1843 824 (ma-

154 845 336 888 lobathri)
357 844 565 891 folium.—-
590 846 676 881 Lib.
690 843 877 881 XXVIII.
906 852 1003 882 extr.
1032 851 1183 892 cap.4.;
1211 855 1304 883 sect.
1322 852 1379 884 14.
1406 848 1561 884 Mero...
1588 847 1747 884 colluere
1772 859 1842 883 ora

149 917 307 956 propter
330 908 524 945 halitus.
543 929 590 934 —
615 909 705 944 ibid.
734 915 834 943 extr.
858 920 940 954 cap.
969 913 1026 944 12.
1055 917 1146 945 sect.
1175 914 1233 946 53.
1260 920 1295 945 et
1318 925 1342 946 a
1364 913 1530 956 pulmone
1554 913 1840 961 graveolentiam

155 974 352 1009 halitus
387 976 560 1022 butyrum
584 975 834 1020 efficacissime
854 975 1032 1020 jupan—
1067 973 1153 1009 Lib.
1181 973 1311 1012 XXX.
1338 988 1419 1022 cap.
1447 981 1481 1013 6.
1509 978 1614 1018 init-3
1654 984 1746 1011 sect.
1786 979 1841 1012 15.

157 1040 273 1074 Virus
306 1047 430 1076 tamen
461 1052 585 1075 earum
619 1039 846 1087 gravitatem
877 1039 1063 1075 halitus
1080 1036 1192 1087 facit.
1218 1059 1266 1065 —-
1319 1039 1460 1075 Contra
1487 1040 1659 1087 adjicitur
1685 1050 1835 1076 terrae:

154 1102 243 1136 Lib.
270 1101 341 1137 XI.
369 1116 450 1148 cap.
481 1107 559 1143 12.;
588 1111 681 1138 sect.
712 1108 769 1138 12.
796 1105 835 1137 in
860 1103 953 1138 fine:
980 1104 1088 1139 obvio
1113 1113 1275 1140 terrae
1302 1106 1460 1140 halitu
1487 1105 1715 1147 infectus.-—
1745 1105 1837 1140 ibid.

154 1181 235 1213 cap.
271 1172 350 1210 28.;
387 1175 480 1204 sect.
517 1171 576 1205 27.
610 1169 713 1205 inin:
749 1168 883 1216 florem
923 1168 1098 1205 imbribus
1134 1168 1329 1206 decussum
1365 1178 1529 1207 terrae
1567 1169 1722 1205 halitu
1760 1170 1841 1204 ani·

153 1241 346 1268 mante.-—
395 1232 481 1267 Lib.
498 1232 646 1268 XXXI.
675 1245 758 1278 cap.
786 1237 831 1269 3.,
847 1234 951 1273 init.;
979 1240 1071 1267 sect.
1099 1238 1181 1268 21.:
1207 1247 1314 1281 quum
1338 1235 1482 1280 (pluvia
1502 1239 1614 1280 aqua)
1641 1235 1841 1269 cadens...

152 1300 338 1345 inficiatur
369 1299 529 1334 halitu
561 1308 734 1335 terrae.
769 1319 817 1324 —-
844 1305 881 1333 et
910 1299 1043 1334 maris:
1094 1296 1184 1334 ibid.
1229 1311 1311 1344 cap.
1344 1302 1380 1335 6.
1422 1297 1489 1334 sub
1526 1298 1613 1340 fin.;
1662 1306 1755 1333 sect.
1784 1300 1842 1334 37.

156 1365 345 1411 Expansa
377 1366 479 1400 circa
509 1367 632 1400 navim
666 1364 803 1399 vellera
836 1364 1047 1399 madescunt
1073 1371 1222 1409 accepto
1250 1363 1408 1399 halitu
1433 1365 1588 1398 maris.
1614 1381 1662 1388 —-
1713 1361 1845 1396 simile

157 1428 243 1473 quid
277 1429 315 1462 in
349 1435 478 1462 nostro
513 1427 598 1462 loco
627 1435 684 1462 est
709 1429 748 1462 in
773 1426 960 1462 Vati-cano
989 1435 1027 1463 et
1052 1427 1300 1470 Monacensi,
1343 1428 1403 1472 qui
1431 1426 1610 1462 exhibent
1636 1427 1724 1462 salis
1751 1427 1843 1462 hali-

154 1501 245 1535 tum,
288 1493 386 1539 quod
422 1504 495 1527 non
529 1493 650 1527 minus
687 1491 761 1527 dici
795 1499 940 1538 potest,
982 1503 1092 1538 quam
1124 1490 1258 1526 halitus
1283 1491 1366 1526 cadi
1398 1490 1501 1533 (Lib.
1528 1489 1634 1527 XIV.
1676 1503 1757 1535 cap.
1784 1495 1843 1525 22.

157 1557 277 1597 med.;
326 1564 418 1592 sect.
464 1560 565 1600 28.),
613 1557 666 1590 ita
706 1563 747 1590 ut
791 1562 999 1601 opponatur
1040 1555 1174 1591 halitui
1217 1556 1336 1591 dulcis
1381 1568 1499 1601 aquae
1544 1556 1676 1591 eodem
1722 1556 1846 1599 modo,

158 1633 230 1668 quo
256 1620 336 1657 sal
359 1620 556 1666 opponitur
582 1620 782 1656 haustui
801 1619 945 1655 dulci:
971 1618 1138 1655 Lib.VI.
1167 1633 1247 1666 cap.
1271 1624 1349 1661 17.;
1378 1628 1470 1654 sect.
1500 1624 1578 1655 19.:
1607 1622 1847 1655 Haustum

155 1687 270 1726 ipsias
303 1687 413 1721 maris
448 1687 627 1720 dulcem
659 1698 739 1721 esse
776 1694 812 1720 et
844 1685 1067 1722 Alexander
1099 1687 1270 1733 Magnus
1300 1686 1463 1731 prodidit
1490 1711 1499 1720 .
1529 1711 1538 1720 .
1568 1711 1577 1720 .
1605 1686 1845 1735 magnitudine

157 1750 258 1786 haud
278 1751 380 1786 dubie
404 1750 619 1797 influentium
651 1751 804 1785 amnium
828 1752 926 1785 victo
952 1750 1066 1786 sale.
1090 1771 1139 1777 --
1190 1748 1297 1792 Quae
1325 1761 1433 1797 quum
1459 1750 1512 1784 ita
1538 1750 1626 1794 sint,
1655 1763 1725 1798 ego
1753 1752 1843 1786 scri-

162 1814 325 1850 bendum
352 1827 437 1850 esse
467 1825 623 1849 censeo:
650 1816 779 1849 salis
803 1814 969 1850 halitum.

352 1878 440 1913 Lib.
468 1876 619 1914 XVIII.
647 1890 729 1923 cap.
758 1881 816 1919 5.;
845 1885 937 1913 sect.
964 1881 1000 1914 6.

301 1944 470 1991 Idemque
499 1945 591 1979 Cato
624 1943 892 1991 interrogatas,
932 1946 1014 1990 quis
1048 1951 1143 1978 esset
1170 1944 1391 1978 certissimus
1415 1952 1606 1989 quaestus,
1632 1944 1839 1988 respondit:

255 2010 401 2045 sibene
423 2021 570 2054 pascas.
623 2010 713 2058 Quis
734 2008 958 2054 proximus?
988 2009 1041 2044 Si
1060 2009 1372 2043 mediocriter
1394 2020 1586 2055 pascas.

162 2073 221 2110 lta
244 2075 283 2109 in
311 2073 497 2109 Harduini
523 2074 731 2119 ceterisque
759 2072 985 2108 editionibus
1013 2072 1074 2108 hic
1100 2072 1207 2108 locus
1234 2074 1457 2108 constitutus
1485 2079 1563 2106 est:
1591 2072 1627 2104 id
1655 2072 1752 2116 quod
1781 2072 1842 2113 iis,

159 2152 256 2187 quae
291 2138 358 2174 ille
393 2150 442 2173 ex
470 2136 706 2172 columellae
742 2139 787 2173 de
822 2149 863 2171 re
897 2138 1037 2172 rustica
1079 2138 1165 2173 libri
1191 2137 1258 2173 VI.
1285 2138 1520 2183 praefatione
1548 2135 1694 2178 attulit,
1737 2146 1840 2168 com-

163 2204 371 2239 mendatur.
431 2202 481 2238 At
515 2203 554 2238 in
588 2201 694 2237 libris
726 2200 844 2245 Mss.‚
880 2200 1089 2247 Vaticano,
1132 2203 1226 2253 Reg.
1263 2202 1314 2239 II.
1350 2211 1387 2238 et
1419 2202 1569 2238 Monac.
1608 2212 1673 2246 pro
1715 2197 1841 2232 verbis

163 2270 200 2304 si
232 2269 461 2304 mediocriter
492 2279 631 2314 poscas
665 2273 740 2302 est:
792 2270 852 2303 sit.
886 2275 925 2302 at
956 2267 1059 2303 bene.
1091 2288 1140 2293 —-
1209 2268 1307 2304 Mihi
1343 2268 1412 2302 hoc
1450 2267 1591 2314 legenti
1640 2266 1756 2309 primo
1806 2264 1841 2296 in

163 2342 326 2370 mentem
351 2334 473 2368 venit:
499 2334 534 2368 .ςί
554 2344 639 2368 ares
663 2332 774 2374 bene,
816 2332 860 2367 de
888 2344 959 2378 qua
987 2333 1207 2379 conjectura
1234 2346 1379 2369 omnem
1406 2330 1676 2366 dubitationem
1704 2328 1838 2363 tollere

163 2398 309 2434 videtur
347 2396 513 2433 Isidorus
550 2395 814 2442 Hispalensis,
867 2398 928 2442 qui
973 2396 1098 2444 (Orig.
1134 2397 1262 2433 XVII.
1301 2402 1352 2441 2.)
1398 2396 1561 2431 Divitiae
1598 2394 1841 2440 antiquorum,

162 2465 305 2511 inquit,
344 2467 382 2500 in
416 2463 458 2498 iis
494 2462 638 2498 duobus
662 2469 791 2504 erant,
823 2462 935 2497 bene
956 2475 1158 2509 pascere
1183 2473 1219 2498 et
1243 2464 1360 2498 bene
1385 2473 1545 2497 arare.
1570 2478 1617 2484 —-
1668 2457 1844 2492 Attamen

163 2542 211 2565 ea
250 2541 323 2564 non
358 2535 415 2563 est
452 2527 656 2572 probanda.
723 2525 857 2562 Cicero
893 2529 1013 2572 enim,
1055 2528 1148 2571 (Off.
1187 2527 1239 2562 ΙΙ.
1266 2541 1345 2573 cap.
1373 2530 1431 2562 25.
1460 2526 1493 2572 §-
1521 2528 1597 2567 89.)
1625 2523 1735 2558 dicit:
1776 2524 1842 2558 Ex

163 2608 235 2641 quo
269 2607 403 2644 genere
439 2592 718 2639 comparationis
754 2591 848 2628 illud
882 2601 937 2629 est
965 2593 1115 2630 Catonis
1154 2593 1277 2635 seni-5,
1315 2604 1339 2627 a
1362 2602 1433 2638 quo
1459 2601 1565 2637 quum
1591 2596 1846 2635 quaereretur,

1508 2658 1528 2689 3
