2290 3201
1094 289 1117 325 ’Ζ

267 408 511 452 transcriptos
549 419 634 443 esse
672 408 909 452 existimem,
941 408 980 442 id
1015 410 1135 456 quod,
1175 422 1240 456 per
1267 421 1309 445 se
1334 408 1669 456 verisimillimum,
1710 410 1949 447 confirmatur

266 479 486 522 arg-umento
526 471 573 509 ab
607 472 749 510 ultimis
775 472 939 509 saeculis
965 475 1147 521 repetito,
1187 476 1285 521 quod
1309 474 1507 511 Fabricius
1533 475 1566 520 ⁴¹)
1600 475 1707 511 nobis
1736 478 1949 522 suppeditat

266 549 315 572 ex
342 537 558 583 Symmachi
584 538 744 583 quadam
770 538 932 583 epistola
960 540 1006 575 ad
1016 538 1225 574 Ausonium
1246 541 1385 586 scripta
1414 539 1497 582 (lib.
1520 539 1551 575 Ι.
1573 553 1630 587 ep.
1653 545 1730 585 24.)
1757 541 1949 577 afferendo

264 603 426 639 haecce:
471 605 513 639 Si
542 612 578 639 te
614 617 718 639 amor·
750 605 860 640 habet
891 606 1068 641 naturalis
1086 615 1088 618 ’
1103 606 1279 642 historiae
1287 633 1298 649 ‚
1333 619 1440 654 quam
1476 607 1619 642 Plinius
1644 607 1864 650 elaboravit,
1905 620 1949 642 en

262 669 330 704 n'bi
350 668 511 712 libellos,
538 681 730 716 quorum
750 680 1111 716 praesentanea
1136 673 1276 718 copia
1293 670 1408 720 fuit.

410 732 615 778 Exemplar
647 733 1062 779 Laurentianum,
1093 734 1213 781 quod,
1251 743 1291 770 ut
1318 735 1453 780 retuli,
1481 747 1558 779 „ex
1586 734 1838 770 Riccardiano
1866 747 1947 780 pro-

263 790 456 833 fluxisse“
498 799 643 833 censuit
676 797 909 844 Bandinius,
953 812 1024 848 ego
1069 806 1107 835 et
1140 800 1221 845 ipse
1260 799 1305 834 ab
1332 798 1403 835 hoc
1431 799 1559 834 codice
1589 800 1772 848 originem
1800 799 1949 835 trahere

265 871 379 899 antea
404 864 551 909 putavi:
580 875 675 898 nunc
701 876 806 909 vero,
833 872 871 900 et
898 865 997 912 quod
1023 876 1045 899 a
1061 863 1324 909 mecm-diano,
1352 877 1400 899 ex
1430 877 1501 909 quo
1528 877 1637 900 verus
1661 864 1841 900 librorum
1858 863 1948 898 ordo

264 928 368 965 nullo
398 928 474 963 alio
502 928 709 973 exemplari
735 927 904 963 adhibito
934 929 1114 976 cognosci
1131 929 1280 963 omnino
1299 934 1473 974 nequeat,
1501 928 1657 974 nullum,
1685 929 1746 976 qui
1763 929 1948 976 integrum

245 991 362 1028 vhunc
388 992 592 1036 exhibeat,
636 991 804 1028 codicem
842 992 919 1029 Ms.
956 1005 1069 1039 posse
1096 993 1304 1039 profectum
1332 1005 1417 1029 esse
1443 992 1534 1028 mihi
1559 995 1749 1038 persuasi:
1787 1000 1825 1027 et
1851 992 1947 1038 quod

264 1056 303 1090 in
329 1056 400 1100 iis,
426 1069 518 1103 quas
545 1057 719 1102 inspexi,
755 1052 922 1101 partibus
950 1056 1047 1093 illud
1071 1056 1133 1093 vel
1160 1058 1198 1092 in
1225 1058 1358 1092 erratis
1386 1057 1499 1103 plane
1527 1070 1609 1093 cum
1636 1058 1753 1106 Regio
1782 1056 1833 1093 II.
1860 1069 1947 1091 con-

263 1132 397 1168 gruere
437 1122 584 1157 inveni:
630 1121 788 1157 eundem
825 1122 860 1156 ei
894 1134 975 1157 cum
1010 1120 1081 1156 hoc
1118 1123 1241 1168 potius
1279 1120 1377 1157 libro
1417 1121 1559 1157 sontem
1597 1122 1713 1158 fuisse
1741 1123 1948 1165 statuerim,

263 1198 371 1233 quem
401 1185 509 1230 „fere
537 1198 619 1222 cum
648 1185 918 1223 Chiffletia
931 1199 984 1223 no
1014 1190 1257 1235 congruere“
1279 1188 1361 1234 jam
1387 1195 1490 1226 recte
1518 1188 1614 1223 dixit
1644 1186 1861 1223 Harduinus
1882 1186 1947 1231 **)‚

262 1250 354 1286 licet
378 1252 417 1286 in
443 1250 634 1286 nonnullis
661 1237 789 1295 libris,
816 1251 853 1285 in
881 1252 1060 1287 vicesimo
1087 1252 1205 1297 primo
1233 1252 1477 1298 praesertim,
1505 1259 1542 1286 et
1570 1251 1608 1287 hi
1635 1252 1756 1288 minus
1784 1253 1881 1287 inter
1907 1264 1947 1286 se

262 1317 510 1352 consentiant.

407 1380 465 1415 Ex
500 1380 632 1414 eodem
659 1377 729 1413 hoc
757 1377 854 1414 libro
883 1377 1232 1414 Chisfletiano
1261 1381 1389 1415 varias
1416 1379 1600 1415 lectiones
1629 1380 1804 1415 editionis
1834 1379 1947 1415 Gele-

263 1445 418 1490 nianae‚
464 1456 558 1491 quae
587 1441 766 1479 Basileae
804 1455 865 1477 an.
895 1444 1000 1479 1545.
1035 1442 1197 1489 prodiit,
1240 1444 1448 1490 exemplari
1484 1444 1626 1480 Romae
1652 1446 1690 1480 in
1716 1445 1946 1481 bibliotheca

263 1508 542 1547 Barberina
581 1508 746 1544 exstanti
782 1508 974 1554 appositas
1006 1517 1114 1553 esse,
1157 1519 1205 1544 ex
1241 1508 1354 1557 hujus
1387 1508 1641 1546 bibliothecae
1677 1510 1852 1559 catalogo
1878 1511 1946 1554 *·')

262 1575 494 1612 tradiderunt
518 1573 649 1622 Zoe'ga
662 1573 751 1618 1”““““’)
778 1581 815 1608 et
840 1572 1035 1609 Fabricius
1050 1573 1178 1618 ‘'¹'‘”):
1215 1582 1252 1609 at
1279 1586 1364 1622 ego,
1376 1574 1437 1621 qui
1463 1574 1552 1610 illas
1580 1575 1763 1610 lectiones
1791 1575 1947 1621 quadam

261 1656 311 1679 ex
345 1649 451 1690 parte
487 1642 694 1687 exscripsi,
731 1640 857 1687 plures
899 1653 1028 1676 earum
1068 1638 1210 1686 abiis,
1253 1652 1344 1686 quas
1372 1651 1420 1675 ex
1450 1638 1696 1676 chiffletiano
1723 1641 1761 1675 in
1787 1640 1948 1675 medium

261 1707 420 1744 contulit
448 1704 742 1751 Dalecampius,
771 1705 944 1750 differre,
973 1717 1081 1752 quam
1111 1717 1193 1741 cum
1218 1705 1266 1741 iis
1293 1706 1515 1750 convenire,
1542 1705 1730 1740 intellexi.

405 1772 500 1808 Cum
533 1769 639 1807 libris
677 1768 799 1814 Mss.‚
837 1783 929 1817 quos
969 1771 1279 1814 commemoravi,
1315 1771 1354 1805 in
1386 1781 1427 1805 re
1463 1782 1607 1805 summa
1643 1770 1813 1818 congruit
1836 1769 1949 1804 etiam

259 1836 538 1874 Vaticanus
575 1834 638 1880 (N.
677 1838 825 1880 3861.);
867 1833 962 1871 nulli
1003 1841 1128 1871 tamen
1155 1834 1307 1871 illorum
1337 1842 1414 1871 tam
1441 1843 1498 1872 est
1524 1835 1721 1882 aequalis,
1764 1842 1803 1870 ut
1830 1848 1876 1869 ex
1905 1848 1949 1870 eo

261 1903 358 1939 hunc
393 1903 656 1947 transcriptum
695 1914 780 1936 esse
815 1908 943 1935 nostro
980 1902 1067 1948 jure
1095 1903 1281 1947 possimus
1318 1901 1564 1936 contendere:
1618 1901 1833 1946 ceteroquin
1864 1900 1948 1935 ideo

260 1969 385 2016 magni
412 1966 689 2010 aestimandus,
724 1965 822 2012 quod
849 1977 924 2000 non
951 1972 1026 2010 tot,
1054 1972 1146 2012 quot
1174 1964 1450 2002 Riccardianus
1477 1963 1656 2010 imprimis
1673 1991 1682 2008 ‚
1709 1962 1948 2000 librariorum

260 2033 405 2068 mendis
434 2030 577 2066 obsitus
604 2037 672 2064 est.

403 2096 573 2145 Longius
599 2101 721 2130 autem
748 2092 795 2129 ab
820 2093 898 2129 illis
925 2094 1068 2129 recedit
1094 2094 1215 2130 codex
1244 2094 1574 2138 Burbonicus‚
1603 2105 1708 2139 quem
1735 2104 1783 2128 ex
1812 2093 1946 2129 biblio-

261 2160 371 2197 theca
399 2157 633 2197 Carbonaria
658 2161 697 2195 in
722 2160 864 2208 regiam
890 2171 1007 2205 nuper
1032 2158 1256 2195 translatum
1293 2159 1416 2195 nimiis
1444 2158 1612 2205 profecto
1639 2156 1812 2193 laudibus
1841 2165 1946 2193 extu-

260 2224 305 2262 lit
333 2225 470 2263 Comes
499 2239 521 2262 a
548 2224 669 2262 Turre
695 2225 911 2269 Rezzonici‚
939 2225 999 2270 qui
1026 2223 1197 2259 omnibus
1226 2237 1309 2259 eum
1336 2222 1449 2272 longe
1477 2223 1773 2270 anteponendum
1796 2223 1944 2269 judica-

263 2291 339 2327 vit:
376 2304 535 2338 namque
573 2291 663 2327 licet
696 2288 902 2326 lectionum
934 2302 1013 2324 cum
1045 2290 1161 2334 ipsius
1188 2288 1275 2324 libri
1302 2296 1378 2324 tum
1405 2299 1551 2330 earum,
1592 2299 1686 2332 quae
1714 2288 1751 2322 in
1779 2289 1944 2332 margine

266 2355 477 2402 adscriptae
504 2356 701 2405 leguntur,
729 2354 932 2392 nonnullae
959 2353 1079 2390 solum
1106 2352 1203 2389 hunc
1228 2352 1363 2389 librum
1389 2351 1547 2388 intuenti
1576 2351 1766 2387 arrideant
1793 2356 1877 2398 (qua
1905 2363 1944 2386 re

340 2554 371 2590 ⁰)
395 2550 481 2584 Bibl.
503 2551 576 2586 Lat.
597 2561 677 2585 tom.
699 2553 724 2584 l.
745 2564 820 2596 pag.
841 2558 914 2595 479.
933 2558 1003 2583 not.
1024 2560 1053 2594 9-
1075 2551 1126 2582 ed.
1148 2552 1228 2580 Ven·
1268 2552 1318 2588 ·*)
1347 2549 1446 2590 praef.
1471 2548 1513 2578 ad
1533 2548 1618 2578 Plin.

302 2607 366 2646 w)
394 2609 470 2639 voi.
489 2608 527 2640 u.
547 2619 620 2653 με.
641 2614 712 2645 22³-
757 2611 842 2645 mv»)
872 2609 895 2640 ι.
917 2608 938 2640 1.
980 2609 1084 2644 m..)
1110 2606 1192 2637 bibl.
1215 2606 1288 2637 Lat.
1312 2605 1334 2635 1.
1356 2615 1389 2645 p.
1412 2607 1481 2638 5010.
