2290 3201
1217 259 1268 301 16

402 394 523 423 torum
560 385 605 420 de
641 384 711 419 hoc
746 382 831 418 loco
859 383 1047 418 consuluit
1073 383 1190 419 libros
1217 382 1337 427 Mss.‚
1374 384 1435 429 qui
1462 385 1580 429 primo
1609 385 1756 431 quidem
1782 391 1938 430 aspectu
1966 385 2090 420 minus

404 451 683 491 blandientem,
724 450 783 483 sin
817 448 901 483 leve
937 446 1176 483 librariorum
1210 447 1383 483 mendum
1416 448 1638 493 sustuleris,
1679 448 1855 494 optimam
1888 448 2090 486 lectionem

405 514 512 550 nobis
539 512 792 559 suppeditant.
844 511 998 547 Habent
1025 513 1124 548 enim
1151 524 1296 556 omnes,
1324 523 1479 558 quorum
1505 512 1689 548 lectiones
1715 514 1753 548 in
1780 512 1851 548 hoc
1877 513 1975 549 libro
2002 526 2092 549 eno-

405 580 504 621 tavi,
543 578 684 625 Regius
712 577 788 618 11.;
826 576 1033 612 Vaticanus
1061 584 1098 612 et
1124 575 1298 612 Monam:
1326 577 1362 611 in
1383 576 1547 622 ρῑιινὺιιιὶς
1572 578 1674 612 iidem
1700 578 1821 622 aiunt,
1847 577 1886 612 id
1913 577 2034 624 quod,
2061 578 2093 613 si

404 642 568 678 scribas:
596 643 631 677 in
654 642 817 689 plurimis
844 642 948 676 iidem
973 641 1091 683 alunt,
1119 640 1235 677 Plinii
1261 642 1346 676 usui
1373 640 1521 676 dicendi
1547 643 1711 677 maxime
1739 642 1925 676 convenit.

554 708 707 742 Plantae
733 707 851 748 enim,
869 705 1025 750 fructas
1051 712 1087 740 et
1112 705 1253 741 similia
1277 705 1427 751 saepius
1455 704 1501 741 ab
1529 718 1574 741 eo
1599 706 1655 741 ali
1678 705 1849 742 dicuntur
1872 707 1999 753 aquis,
2026 719 2089 741 ne-

406 772 520 813 bulis,
558 771 664 807 aliis:
705 769 791 805 Lib.
826 768 934 805 XIV.
962 782 1044 814 cap.
1072 774 1107 803 2.
1135 769 1203 804 sub
1232 769 1305 810 fin;
1342 777 1432 804 sect.
1466 775 1503 804 4.
1537 774 1572 806 6.
1636 770 1737 820 Quin
1762 773 1866 805 immo
1894 769 2093 805 nebulis

407 850 479 870 una
507 836 609 875 (vitis
636 834 800 879 spionia)
826 835 950 870 alitur.
978 852 1026 859 —-
1082 832 1170 869 Lib.
1197 831 1325 870 XVII.
1354 846 1434 881 cap.
1459 838 1517 877 2.;
1555 843 1646 871 sect.
1674 839 1710 871 2.
1761 838 1870 883 Ergo
1897 837 2093 871 humor...

407 901 504 937 velut
537 914 589 934 ex
617 899 728 934 ubere
755 899 846 934 alit
873 899 1010 939 omnia,
1035 911 1128 944 quae
1152 911 1226 932 non
1250 899 1410 933 inundat.
1436 917 1484 923 —-
1509 897 1599 933 ibid.
1628 910 1709 944 cap.
1737 901 1799 939 9.;
1826 899 1908 934 init.
1935 906 2028 934 sect.
2056 902 2090 935 5.

408 965 522 1004 Sunt,
547 963 610 1010 qui
632 963 835 1010 pulvere
858 976 998 1011 quoque
1024 975 1116 999 uvas
1140 964 1404 1010 alijudicent.
1430 984 1478 990 —
1503 963 1594 1000 ibid.
1622 977 1702 1010 cap.
1732 968 1810 1004 13.;
1849 972 1941 1000 sect.
1970 969 2029 1000 21.
2058 966 2097 999 in

408 1028 495 1064 fine.
560 1029 727 1064 Tradunt
750 1029 871 1074 faece
904 1031 980 1064 vini
1013 1037 1075 1064 aut
1114 1042 1135 1065 e
1170 1030 1370 1077 parietibus
1407 1029 1519 1064 latere
1555 1037 1636 1065 tuso
1670 1030 1760 1067 mire
1796 1029 1873 1066 ali.
1899 1049 1947 1055 —-
2005 1028 2097 1066 ibid.

409 1105 491 1139 cap.
519 1096 578 1128 28.
606 1094 712 1135 init.;
742 1101 835 1130 sect.
863 1097 923 1131 47.
952 1095 1156 1132 Salsis..
1173 1122 1182 1131 .
1208 1097 1348 1142 aquis
1374 1095 1571 1131 aluntur
1597 1094 1761 1138 (palmae
1788 1102 1825 1127 et
1851 1094 2029 1136 lentisci).
2047 1113 2095 1118 —

409 1158 495 1191 Lib.
533 1157 682 1192 XVIII.
719 1170 799 1202 cap.
838 1162 895 1193 13.
923 1159 1027 1199 init.;
1068 1164 1160 1193 sect.
1188 1162 1247 1195 34.
1297 1158 1503 1195 Nebulis
1528 1166 1563 1194 et
1584 1159 1782 1205 pruinis
1807 1172 1851 1195 ac
1882 1158 2097 1207 frigore

407 1222 510 1259 ultro
537 1223 612 1258 alu
625 1232 734 1258 ntur
763 1226 899 1267 (rapa).
927 1244 974 1248 —-
1000 1222 1091 1257 ibid.
1120 1235 1201 1267 cap.
1229 1228 1295 1263 22;
1323 1231 1415 1257 sect.
1443 1228 1502 1258 51.
1555 1223 1779 1259 Palmae...
1808 1224 1968 1258 subditur
1994 1224 2099 1268 olea,

409 1288 490 1322 huic
515 1290 639 1333 ficus,
668 1289 752 1333 fico
780 1287 946 1328 Punica,
976 1312 983 1321 .
1013 1312 1021 1320 .
1050 1312 1059 1322 .
1085 1287 1272 1335 omniaque
1299 1299 1344 1324 ea
1367 1287 1487 1323 aliena
1511 1288 1670 1324 umbra
1693 1288 1907 1324 aluntur.
1934 1309 1982 1315 —-
2006 1289 2096 1325 ibid.

410 1353 449 1387 in
475 1351 549 1387 fine
576 1365 656 1397 cap.
686 1359 722 1386 et
748 1359 840 1386 sect.
894 1352 967 1387 Sed
987 1352 1068 1387 illas
1094 1351 1265 1395 (herbas)
1292 1354 1330 1388 in
1358 1366 1453 1400 aqua
1479 1360 1668 1389 nascentes
1694 1361 1828 1389 certum
1853 1360 1908 1389 est
1931 1366 2005 1388 non
2029 1354 2102 1390 nisi

411 1417 646 1453 imbribus
673 1417 752 1454 ali.
778 1437 826 1442 —-
876 1416 963 1452 Lib.
991 1415 1102 1453 XIX.
1128 1425 1213 1462 post
1238 1418 1334 1453 med.
1363 1430 1444 1462 cap.
1472 1412 1527 1458 5‘.;
1569 1424 1662 1452 sect.
1689 1421 1749 1453 26.
1811 1418 2018 1463 Praecipue
2042 1426 2097 1452 ea-

410 1496 490 1517 men
516 1483 663 1518 salsis
690 1482 884 1516 aluntur
910 1480 1113 1526 (raphani).
1132 1499 1181 1506 —-
1205 1480 1296 1517 ibid.
1325 1487 1411 1517 ante
1436 1481 1534 1516 med.
1562 1493 1642 1527 cap.
1655 1484 1688 1516 8.
1716 1485 1928 1519 sect.41.3.
1955 1483 1990 1517 si
2008 1481 2099 1528 fri-

411 1561 534 1596 gora
559 1561 635 1584 non
661 1548 815 1583 tolerat:
841 1547 971 1595 quibus
994 1548 1103 1583 etiam
1126 1546 1327 1583 aluntur
1353 1547 1520 1582 Brutiani
1543 1545 1717 1590 (caules).
1745 1565 1793 1571 —-
1817 1545 1908 1581 ibid.
1937 1559 2018 1592 cap.
2041 1552 2098 1584 11.

413 1621 505 1648 sect.
535 1617 593 1648 59.
655 1614 854 1649 Peculiaris
888 1612 1061 1646 medicina
1093 1611 1282 1657 raphano,
1316 1612 1442 1653 betae,
1474 1619 1599 1654 rutae,
1625 1610 1764 1646 cunilae
1789 1611 1825 1646 in
1850 1612 1960 1648 salsis
1982 1613 2099 1660 aquis,

413 1691 505 1726 quae
531 1686 566 1713 et
592 1678 730 1726 alioqui
756 1679 931 1715 suavitati
953 1686 988 1712 et
1005 1676 1199 1723 fertilitati
1221 1677 1418 1723 conferunt
1437 1702 1446 1711 .
1475 1702 1484 1712 .
1513 1702 1522 1711 .
1551 1677 1760 1723 Praecipue
1786 1685 1904 1712 tamen
1930 1677 2101 1712 imbres

413 1744 560 1779 alunt.
587 1764 635 1768 —
690 1743 777 1778 Lib.
817 1741 969 1779 XXIII.
1004 1741 1121 1787 praef:
1157 1747 1249 1776 sect.
1288 1745 1320 1776 1.
1378 1742 1469 1777 Non
1493 1742 1603 1776 cessit
1628 1742 1685 1777 his
1714 1741 1890 1777 Pomona
1915 1768 1925 1778 .
1956 1768 1965 1777 .
1992 1768 2001 1777 .
2028 1755 2101 1778 non

416 1814 586 1844 contenta
609 1816 807 1857 protegere
830 1808 1068 1854 arborumque
1092 1806 1223 1841 alere
1248 1806 1428 1847 umbra,
1454 1818 1547 1852 quae
1572 1807 1748 1842 diximus.
1775 1826 1823 1831 -—
1891 1805 2100 1852 Compluri-

419 1872 485 1907 bus
519 1874 634 1908 etiam
669 1873 706 1906 in
741 1871 836 1906 locis
874 1870 1026 1906 verbum
1051 1871 1205 1915 alere,
1245 1871 1443 1916 opponitur
1467 1869 1593 1906 verbis
1621 1884 1715 1918 quae
1741 1872 1887 1906 noxii
1910 1872 2102 1907 notionem

417 1937 653 1972 contineant:
682 1936 766 1971 Lib.
793 1934 900 1972 XIV.
929 1947 1010 1980 cap.
1038 1939 1073 1970 2.
1099 1936 1181 1970 init.
1210 1942 1301 1970 sect.
1329 1939 1365 1969 4.
1396 1939 1427 1969 1.
1463 1936 1530 1969 Ex
1558 1937 1603 1970 iis
1637 1937 1734 1979 (uvis
1759 1935 1949 1984 gemellis)
1982 1937 2102 1973 minor

417 2007 593 2037 austro
637 2001 876 2042 laeditur,
914 2001 1092 2035 ceteris
1131 2001 1296 2036 ventis
1330 2000 1488 2035 alitur.
1523 2021 1567 2026 —-
1631 1998 1718 2034 Lib.
1760 1997 1888 2035 XVII.
1925 2014 2005 2047 cap.
2041 2005 2100 2037 26.

418 2067 521 2106 init.;
549 2074 639 2101 sect.
668 2070 727 2102 39.
785 2067 878 2116 Quin
903 2067 1019 2100 etiam
1046 2068 1277 2109 (cupressus)
1301 2071 1497 2102 necatur
1520 2065 1704 2112 riguis:
1731 2072 1768 2100 et
1792 2066 1876 2100 vitis
1894 2074 1929 2100 et
1940 2067 2100 2103 Punicae

415 2133 618 2177 praecipue
663 2131 870 2167 aluntur.
950 2132 1059 2166 Ficus
1100 2129 1215 2165 arbor
1259 2129 1343 2176 ipsa
1390 2130 1552 2176 riguis
1604 2130 1782 2172 alitur,
1828 2143 1974 2176 pomum
2009 2145 2100 2168 vero

418 2197 499 2241 ejus
531 2197 804 2231 marcescit.
842 2215 890 2221 ——
929 2193 1019 2229 ibid.
1056 2202 1146 2230 sect.
1173 2198 1233 2229 41.
1297 2194 1450 2231 Herbae
1474 2208 1570 2242 aqua
1594 2194 1658 2231 illa
1684 2204 1931 2239 necantur,
1966 2195 2102 2247 fruges

416 2261 679 2295 aluntur.—
704 2259 784 2296 Nee
810 2261 931 2307 magis
957 2266 1081 2304 potest
1108 2258 1313 2302 offendere,
1341 2259 1439 2304 quod
1454 2258 1597 2294 nullum
1614 2259 1760 2294 additur
1779 2272 1913 2296 nomen
1930 2260 2102 2298 substan-

422 2327 539 2359 tivum
566 2324 604 2359 in
632 2336 722 2359 casu
748 2324 965 2360 accusativo
994 2324 1179 2368 positum,
1220 2335 1329 2369 quum
1358 2322 1490 2358 eodem
1514 2323 1624 2359 inodo
1650 2324 1689 2359 in
1714 2323 1822 2369 loco,
1859 2339 1967 2373 quem
1993 2339 2104 2373 supra

422 2388 545 2432 attuli,
573 2389 735 2424 dicatur:
763 2391 963 2435 Praecipue
989 2397 1105 2423 tamen
1130 2389 1263 2424 imbres
1291 2388 1444 2429 alunt,
1472 2394 1508 2422 et
1523 2387 1610 2422 Lib.
1628 2386 1775 2424 XVIII.
1799 2401 1880 2435 cap.
1898 2394 1931 2425 1.
1953 2398 2045 2427 sect.
2068 2396 2102 2428 1.

421 2462 560 2500 quanto
590 2452 762 2498 fertilior
803 2457 975 2496 (naturae
1003 2455 1200 2501 majestas)
1233 2454 1269 2488 in
1303 2452 1368 2494 iis,
1406 2466 1499 2500 quae
1519 2455 1652 2501 juvant
1675 2455 1820 2490 alunt
1839 2467 1923 2503 que.
1940 2475 1989 2481 --
2012 2455 2101 2491 Lib.

424 2517 612 2555 XXVIII.
641 2531 722 2565 cap.
760 2523 795 2555 9.
824 2526 916 2554 sect.
952 2524 1009 2556 33.
1067 2519 1241 2556 Maxime
1266 2526 1384 2553 autem
1407 2519 1494 2553 alit
1514 2520 1758 2567 quodcumque
1782 2519 1875 2563 (lac)
1902 2521 2105 2565 humanum,

423 2591 463 2617 et
489 2583 600 2629 paulo
627 2584 745 2620 infra:
773 2585 938 2621 Ovillum
963 2585 1104 2621 dulcius
1129 2591 1165 2619 et
1190 2583 1307 2631 magis
1330 2582 1430 2619 alit.
1447 2603 1495 2609 —
1520 2582 1607 2619 Lib.
1634 2582 1783 2622 XXIX.
1812 2596 1893 2630 cap.
1922 2587 1957 2621 3.
1984 2584 2102 2626 med.;
