2290 3201
432 926 476 964 C.
502 927 650 965 Plinii
675 930 881 968 Secundi
905 931 1158 972 Naturalis
1183 935 1436 974 Historiae
1461 938 1614 977 libros
1630 941 1850 991 XXXVII„
1872 948 1967 984 illud

283 1003 406 1039 „opus
432 994 620 1039 diffusum,
647 996 845 1042 eruditum,
872 1009 941 1034 nec
966 1000 1087 1036 minus
1113 1003 1258 1039 varium
1285 1015 1394 1049 quam
1418 1005 1502 1050 ipsa
1528 1012 1702 1052 natura,“
1726 1011 1759 1054 ’)
1794 1013 1840 1047 ad
1869 1014 1967 1058 quod

283 1055 546 1094 illustrandum
588 1059 791 1109 singularis
834 1060 996 1101 hominis
1033 1078 1154 1114 neque
1192 1068 1307 1105 vitam
1341 1081 1461 1116 neque
1497 1071 1688 1120 ingenium
1726 1076 1969 1114 scientiamve

281 1128 480 1167 suppetere
515 1124 727 1161 confessum
762 1135 838 1171 est,
878 1140 947 1174 ope
981 1129 1259 1181 philologorum
1295 1132 1416 1169 denuo
1450 1135 1585 1171 edendi
1621 1144 1658 1171 et
1692 1143 1970 1177 commentariis

282 1188 492 1224 exornandi
518 1189 716 1228 consilium
741 1193 886 1239 cepisse
911 1195 1108 1241 primarios
1134 1197 1173 1232 in
1199 1196 1401 1234 Germania
1426 1212 1548 1236 rerum
1575 1209 1733 1238 naturae
1759 1204 1967 1253 investiga-

284 1258 407 1296 tores,
438 1254 518 1299 jam
553 1253 689 1290 dudum
714 1263 805 1292 nota
831 1265 941 1305 atque
968 1259 1065 1305 apud
1091 1272 1220 1297 omnes
1245 1262 1468 1312 pervulgata
1492 1276 1553 1299 res
1579 1274 1649 1301 est.
1701 1265 1745 1302 In
1773 1270 1971 1306 novissimi

282 1324 406 1353 autem
440 1330 569 1355 eorum
603 1328 809 1362 conventus
841 1325 935 1360 actis
963 1324 1015 1369 '‘*)
1049 1337 1132 1361 qun
1167 1326 1213 1361 de
1257 1327 1326 1371 iis,
1370 1340 1612 1377 quaecunque
1653 1332 1699 1366 ad
1739 1336 1968 1380 propositum

281 1380 376 1417 illud
402 1385 677 1430 assequendum
695 1388 776 1433 jam
798 1399 895 1424 nunc
921 1398 1007 1425 sunt
1025 1393 1218 1437 instituta,
1253 1396 1406 1440 copiose
1438 1396 1622 1432 relatum:
1650 1405 1726 1434 tum
1755 1401 1840 1443 iter,
1872 1402 1967 1446 quod

282 1444 544 1483 LUDOVICI
571 1448 925 1499 Angustissimi
950 1453 1192 1493 Bavariae
1218 1457 1367 1509 Regis
1403 1463 1648 1507 auctoritate,
1682 1470 1721 1499 ut
1748 1464 1966 1501 Florentiae

285 1511 515 1561 Parisiisque
543 1517 825 1554 vetustissimos
852 1520 1033 1566 quosdam
1057 1536 1170 1559 manu
1195 1526 1355 1571 scriptos
1378 1527 1527 1563 codices
1537 1527 1734 1565 Plinianos
1756 1544 1838 1566 cum
1860 1533 1970 1567 editis

280 1577 504 1623 conferrem,
529 1580 567 1615 in
593 1578 744 1617 Italiam
780 1581 1019 1632 Galliamque
1050 1587 1139 1633 feci,
1166 1601 1274 1636 quem
1301 1588 1475 1626 habuerit
1501 1603 1729 1637 successum,
1758 1597 1969 1641 expositum

282 1650 341 1677 est
368 1644 495 1679 addita
521 1647 681 1691 quadam
716 1660 801 1683 mea
836 1651 1021 1696 epistola,
1057 1666 1167 1698 quam
1190 1656 1248 1702 'ad
1281 1656 1588 1693 Fridericum
1624 1657 1969 1694 Thierschium

284 1704 329 1741 V.
359 1705 442 1752 CL,
480 1709 686 1746 studiorum
721 1724 889 1750 meorum
923 1722 1115 1752 auctorem
1146 1717 1405 1767 fautoremque
1432 1719 1831 1760 benevolentissimum
1859 1732 1968 1771 atque

279 1777 321 1804 ut
349 1773 534 1817 omnium,
570 1787 666 1820 quae
694 1777 741 1811 ad
767 1789 904 1814 novam
928 1779 1035 1816 illam
1060 1780 1176 1818 Plinii
1203 1784 1406 1821 editionem
1431 1787 1641 1832 pertinent,
1679 1789 1733 1823 ita
1760 1787 1871 1834 hujus
1897 1791 1969 1824 mei

282 1836 424 1883 negotii
449 1837 750 1885 moderatorem,
785 1841 962 1879 dederam
988 1843 1159 1882 Parisiis.
1227 1846 1350 1890 Quam
1376 1849 1424 1885 ob
1462 1863 1616 1888 causam
1649 1851 1740 1887 mihi
1766 1854 1968 1889 verendum

281 1908 376 1946 erat,
394 1913 455 1946 ne,
482 1903 514 1937 si
541 1903 628 1950 quid
641 1905 800 1951 amplius
827 1907 873 1942 de
900 1909 1032 1946 eadem
1060 1909 1131 1946 hac
1153 1894 1197 1947 ‘re
1223 1914 1261 1948 in
1283 1915 1445 1952 medium
1463 1915 1683 1962 proferrem,
1711 1923 1854 1963 tempus
1885 1929 1968 1964 per-

280 1968 370 2004 dere
383 1969 510 2005 multis
537 1970 696 2007 viderer.
722 1971 913 2018 Attamen,
942 1988 1053 2021 quum
1077 1977 1116 2012 in
1144 1978 1213 2015 illa
1239 1979 1401 2027 epistola
1426 1982 1547 2018 minus
1575 1989 1747 2017 accurate
1774 1982 1967 2028 complura

279 2045 304 2068 a
325 2045 384 2069 me
407 2041 536 2070 essent
556 2035 757 2083 disputata,
783 2038 909 2075 facere
928 2051 1004 2076 non
1023 2049 1208 2089 poteram,
1235 2046 1323 2092 quin
1343 2044 1473 2090 hasce,
1499 2045 1848 2093 quantulaecunque
1867 2054 1966 2091 sunt,

278 2096 567 2137 observationes
606 2103 646 2138 in
686 2101 803 2141 libros
845 2104 934 2143 illos
980 2110 1260 2155 conscripturus
1294 2124 1414 2157 pauca
1448 2111 1660 2158 praefarer,
1708 2111 1840 2158 quibus
1875 2111 1964 2156 alia,

280 2175 377 2209 quae
402 2163 456 2199 ibi
482 2166 633 2203 omnino
660 2180 734 2203 non
761 2170 993 2218 attigissem,
1018 2184 1116 2208 nunc
1141 2175 1300 2220 primum
1326 2188 1604 2223 expromerem:
1634 2175 1731 2220 alia,
1760 2189 1855 2223 quae
1881 2189 1963 2222 per-

279 2241 390 2274 quam
414 2229 601 2276 breviter,
627 2231 774 2278 planius
801 2235 1048 2281 explicarem:
1085 2237 1182 2282 alia,
1219 2239 1265 2274 de
1302 2239 1434 2285 quibus
1470 2253 1510 2275 re
1546 2241 1764 2288 diligentius
1791 2240 1962 2276 conside—

278 2300 361 2330 rata
386 2296 612 2333 sententiam
636 2302 903 2346 mutavissem,
929 2302 1164 2350 corrigerem.

359 2447 389 2484 *)
418 2447 494 2480 Vid.
518 2450 554 2481 C.
578 2450 678 2483 Plinii
699 2453 795 2484 Caec-
816 2463 892 2496 epp.
913 2453 973 2485 lib.
993 2453 1052 2485 111.
1072 2465 1122 2497 ep·
1143 2460 1172 2490 5.

350 2503 399 2541 Ι“)
427 2504 502 2535 vid.
527 2505 598 2537 Isin
619 2513 705 2539 auct.
728 2508 858 2541 Okenio
875 2510 915 2541 V.
936 2510 986 2543 Cl.
1008 2521 1065 2543 an.
1089 2516 1175 2549 1830.
1195 2511 1274 2543 fasc.
1295 2516 1324 2546 5.
1346 2515 1511 2554 pag.·540.
1532 2521 1604 2554 sqq.

1626 2569 1672 2605 1*
