2290 3201
976 267 1026 304 13

164 394 222 427 84.
249 390 308 426 ed.
324 386 504 433 Casaub.)
554 386 747 425 Καλοιῖσι
773 384 815 426 δὲ
842 389 890 427 τό
919 391 1020 440 πρός
1044 390 1097 441 τῇ
1121 388 1257 442 Λιβύῃ
1284 389 1368 427 πᾶν
1395 389 1519 438 μέρος
1539 389 1607 440 τῆς·
1637 388 1840 438 θαλάττης

166 453 316 502 ταύτης
334 452 418 501 (τῆς
433 451 564 500 μέχρι
583 451 901 491 τοῦΣικελικοῦ
922 454 1140 503 πορθμοῦ)
1153 454 1344 499 Λιβυκόν
1364 455 1541 505 πέλαγος
1555 483 1563 492 .
1580 482 1588 491 .
1603 483 1611 492 .
1632 483 1640 492 .
1667 454 1783 490 Mem*
1802 450 1843 489 δὲ

164 519 240 568 τήν
267 517 533 573 Σικελίαν...
559 516 607 552 τό
634 516 712 558 μὲν
738 518 820 566 πρό
846 521 932 557 τῶν
963 519 1166 568 Σύρτεων
1193 520 1263 556 καὶ
1290 520 1357 569 τῆς
1383 521 1624 569 Κυρηναίας
1651 518 1838 555 καλεῖται

163 581 366 627 Λιβυκόν
392 580 560 629 τελευτᾷ
593 576 678 622 δἐἰῑ
710 582 758 618 τό
795 584 1027 634 Αἰγύπτιον
1053 583 1246 634 πέλαγος,
1273 593 1310 620 et
1341 586 1567 636 Aegyptium
1595 597 1700 620 mare
1728 584 1838 617 etiam

166 647 261 683 alias
288 647 447 681 occurrit
473 646 569 690 apud
594 654 773 693 nostrum,
789 648 822 693 '‘)
859 661 928 685 nec
956 661 1050 695 quae
1077 658 1302 696 sequuntur:
1341 653 1421 684 Nee
1446 651 1522 685 alia
1545 662 1637 696 pars
1664 657 1842 684 terrarum

168 713 366 759 pauciores
389 712 517 757 recipit
540 712 645 747 sinus
672 719 744 747 etc.
771 711 857 748 huic
882 712 1036 748 lectioni
1062 713 1325 750 adversantur:
1353 712 1422 763 ego
1451 721 1574 750 tamen
1603 713 1673 748 hoc
1700 720 1846 758 praetu-

165 776 287 820 lerim,
315 776 400 822 quia
414 776 447 810 si
462 775 555 810 illud
577 776 842 821 reciperemus,
867 777 906 812 in
933 778 1142 814 sententia:
1166 781 1356 826 Aegyptio
1384 781 1531 823 finitur:
1558 792 1626 815 nec
1651 779 1724 813 alia
1748 789 1841 823 pars

167 850 345 877 terrarum
376 841 574 887 pauciores
599 842 732 889 recipit
756 842 856 877 sinus
881 853 963 888 sqq.
992 841 1226 889 subjectum,
1280 844 1377 890 quod
1403 844 1578 888 dicimus,
1629 843 1843 890 primarium

167 912 268 944 esset
293 917 415 942 mare
441 904 697 953 Libycum,
723 906 921 953 sequentia
947 918 1058 942 vero:
1088 907 1322 955 Populorum
1348 905 1426 955 ejus
1450 916 1519 943 etc.
1549 909 1593 942 ad
1621 909 1653 943 A
1669 910 1839 943 fricam

167 978 296 1006 essent
320 970 538 1006 referenda:
566 983 639 1016 qua
662 972 808 1005 ratione
834 970 1048 1006 laederetur
1073 975 1303 1009 concinnitas
1331 974 1522 1009 sermonis.

313 1034 380 1071 Sin
406 1036 486 1082 quis
514 1041 683 1082 quaerat,
712 1034 895 1081 quomodo
923 1033 982 1070 hie
1008 1034 1113 1072 locus
1140 1038 1192 1073 ita
1218 1039 1379 1084 potuerit
1406 1038 1602 1083 corrumpi,
1629 1037 1663 1071 ei
1686 1046 1840 1081 respon-

177 1100 327 1135 demus:
355 1099 534 1134 Fortasse
561 1100 642 1145 quis
670 1099 714 1133 ad
742 1098 829 1133 libri
859 1100 978 1144 quarti
1003 1100 1148 1135 initium
1167 1103 1388 1147 respiciens,
1410 1102 1472 1137 ubi
1489 1101 1667 1147 legimus:
1700 1101 1843 1135 Tertius

173 1165 352 1211 Europae
376 1164 475 1199 sinus
491 1164 776 1200 Acrocerauniis
801 1164 926 1210 inczpit
949 1164 1146 1202 montibus:
1163 1168 1306 1214 finitur
1330 1167 1589 1213 Hellesponto,
1615 1165 1652 1198 in
1677 1165 1843 1208 margine

169 1228 228 1263 hic
264 1228 480 1273 adscripsit:
518 1241 589 1275 qua
613 1229 814 1274 incipiens?
840 1240 892 1263 sc.
920 1229 1049 1265 Africa
1074 1229 1245 1278 Aegypto
1272 1231 1416 1267 finitur:
1447 1242 1541 1277 quae
1569 1228 1702 1263 deinde
1730 1227 1843 1263 libra-

166 1294 243 1329 rius
280 1292 415 1338 aliquis
452 1293 490 1328 in
526 1304 585 1337 eo,
624 1305 695 1339 quo
730 1304 825 1327 nunc
854 1300 951 1337 sunt,
978 1293 1062 1329 loco
1090 1293 1305 1329 collocavit.
1359 1294 1442 1337 Qua
1467 1300 1573 1339 parte
1601 1299 1724 1327 autem
1751 1292 1843 1326 inci-

167 1360 246 1405 piat
270 1357 423 1402 Africa,
464 1357 502 1393 id
528 1364 679 1402 noster,
720 1364 761 1393 ut
787 1356 853 1393 lib.
880 1356 952 1394 III.
978 1359 1121 1405 praef.;
1162 1366 1253 1395 sect.
1284 1363 1316 1395 1.
1345 1359 1451 1394 dicit:
1491 1359 1607 1405 Origo
1634 1357 1679 1392 ab
1710 1369 1842 1392 occasu

169 1423 266 1461 Solis
297 1431 332 1457 et
362 1423 542 1459 Gaditano
571 1419 700 1470 freto,
738 1423 791 1457 ita
816 1423 854 1457 in
884 1422 955 1458 hoc
980 1413 1062 1468 ipso
1089 1423 1174 1459 loco
1201 1425 1342 1459 indicat
1367 1423 1511 1458 verbis:
1539 1423 1650 1469 longo
1677 1423 1722 1457 ab
1748 1423 1841 1456 occi-

167 1490 273 1526 dente
307 1489 449 1525 litorum
485 1487 629 1535 obliquo
655 1489 795 1535 spatio,
831 1494 885 1524 et:
922 1489 1110 1536 Principio
1136 1487 1187 1534 *')
1222 1497 1402 1526 terrarum
1435 1488 1689 1523 Mauritaniae
1714 1488 1840 1533 appel-

167 1555 304 1591 lantur.

357 1616 474 1652 Libro
495 1615 587 1657 VI.;
614 1623 698 1662 post
723 1617 821 1652 med.
846 1628 928 1663 cap.
954 1621 1034 1658 23.;
1062 1624 1154 1652 sect.
1180 1621 1239 1653 26.

311 1685 347 1720 A
376 1683 493 1728 Copto
519 1681 663 1716 camelis
691 1681 762 1715 itur
784 1682 1013 1728 aquationum
1035 1684 1178 1717 ratione
1203 1682 1448 1718 mansionibus
1472 1680 1674 1728 dispositis.
1719 1678 1844 1713 Prima

260 1748 467 1795 appellatur
505 1746 769 1793 Hydreum,
809 1746 989 1782 XXXII,
1020 1748 1106 1782 mill.
1170 1749 1338 1783 Secunda
1378 1749 1415 1782 in
1450 1754 1567 1780 monte
1600 1746 1670 1778 diei
1703 1746 1843 1777 itinere.

266 1815 390 1849 Tertia
425 1814 470 1847 in
503 1812 658 1846 altero
693 1811 1057 1858 Hydreumate,
1099 1824 1125 1848 a
1164 1813 1280 1859 Copto
1321 1813 1446 1848 XCV.
1483 1810 1573 1845 mill.
1635 1808 1773 1843 Deinde
1808 1810 1844 1842 in

261 1886 391 1913 monte.
443 1878 547 1911 Mox
573 1876 623 1910 ad
647 1876 890 1922 Hydreum
915 1876 1119 1921 Apollinis,
1154 1891 1178 1912 a
1206 1878 1323 1923 Copto
1354 1875 1619 1912 CLXXXIV.
1646 1873 1730 1908 mill.
1755 1884 1843 1917 pas-

263 1955 375 1977 suum.
448 1942 594 1976 Rursus
634 1941 669 1974 in
713 1947 848 1974 monte.
923 1940 1028 1974 Mox
1068 1941 1119 1974 ad
1156 1954 1324 1975 novum
1363 1941 1615 1986 Hydreum
1654 1951 1677 1972 a
1724 1938 1842 1982 Copto

272 2005 539 2043 CCXXXIII.
571 2005 656 2040 mill.
683 2015 786 2050 pas-5.
846 2005 919 2039 Est
953 2011 989 2038 et
1029 2004 1128 2039 aliud
1159 2006 1407 2053 Hydreum
1438 2012 1562 2047 vetus,
1610 2002 1845 2050 Troglodyti-

262 2082 340 2105 cum
372 2070 579 2105 nominatur
594 2094 604 2110 ‚
638 2069 699 2103 ubi
720 2069 938 2114 praesidium
962 2068 1124 2102 excubat
1148 2069 1358 2103 diverticulo
1384 2070 1488 2102 duum
1512 2067 1665 2102 millium.
1718 2066 1843 2099 Distat

265 2148 290 2171 a
314 2147 435 2169 novo
463 2133 795 2180 Hydreumate
820 2132 892 2167 IV.
914 2132 1001 2179 mill.
1025 2145 1214 2178 passuum.

311 2198 419 2234 Haec
446 2204 504 2233 est
526 2198 774 2232 recentiorum
800 2196 1003 2231 editionum
1030 2195 1157 2240 lectio,
1184 2195 1331 2241 prolata
1358 2195 1403 2230 ab
1431 2195 1640 2238 Harduino‚
1668 2195 1706 2228 in
1734 2194 1840 2238 cujus

169 2265 267 2299 notis
292 2263 473 2310 legimus:
500 2260 759 2308 „Hydreamq
796 2259 853 2294 Ita
884 2259 971 2294 libri
1006 2254 1135 2294 omnes
1173 2259 1269 2294 Mss.
1322 2259 1432 2301 Editi‚
1461 2258 1693 2304 Hydreuma,
1721 2258 1840 2290 minus

170 2332 310 2364 recte.‘
337 2326 404 2362 Est
439 2327 537 2362 enim
564 2320 730 2373 ὑδρεῖον
764 2322 868 2359 locus
905 2323 1136 2371 aquationis:
1182 2319 1369 2372 ὕδρευμα
1404 2323 1485 2367 ipsa
1522 2323 1685 2368 aquatio.
1746 2319 1841 2354 vide

169 2392 405 2435 Strabonem,
431 2390 498 2425 lib.
525 2393 582 2425 15.
610 2402 694 2437 pag.
722 2392 790 2425 722
818 2391 894 2433 (ed.
923 2387 1084 2424 Casaub.
1112 2401 1147 2433 p.
1174 2393 1276 2433 496.)
1303 2387 1452 2434 πόρ’ρω
1480 2383 1522 2422 δέ
1550 2387 1636 2422 τῶν
1662 2382 1841 2431 ύδρείων

248 2536 279 2570 Ι*)
307 2533 348 2564 cf.
370 2532 427 2564 lib.
438 2534 478 2563 Π.
501 2542 570 2574 cap.
595 2531 668 2571 68.;
703 2538 778 2564 sect.
800 2531 850 2568 68.
870 2548 911 2557 —
943 2532 1000 2564 lib.
1023 2533 1058 2563 V.
1080 2543 1148 2573 cap.
1168 2539 1216 2574 9.;
1246 2535 1321 2561 sect.
1346 2537 1392 2564 10.
1414 2547 1452 2554 —
1474 2529 1554 2560 ibid.
1577 2539 1649 2571 cap.
1676 2537 1721 2564 ιο.
1746 2528 1843 2564 init.;

311 2594 388 2620 sect.
413 2598 461 2624 ιι.
517 2591 562 2625 ¹‘¹0)
593 2587 635 2618 ita
656 2587 777 2630 legitur
797 2588 893 2619 etiam
915 2588 951 2619 in
972 2587 1108 2620 vetustis
1128 2586 1221 2618 libris
1241 2586 1328 2617 Mss.
