2290 3201
1076 207 1102 247 5

339 341 431 366 vera
454 329 763 377 incomparabilis
790 333 955 369 auctoris
981 334 1164 371 naturalis
1189 334 1348 372 historia
1383 334 1458 371 dici
1491 341 1692 371 mereatur.
1744 331 1843 369 Huic
1869 334 1930 368 uni

338 395 454 443 igitur
478 394 687 440 exemplari
712 397 836 442 potius
863 410 972 443 quam
992 400 1129 434 ceteris
1152 401 1326 436 standum
1346 401 1432 444 erit,
1456 400 1522 435 ubi
1544 402 1625 446 quis
1643 407 1729 445 post
1747 398 1933 434 Harduini

342 457 495 495 labores
522 461 706 496 restantia
732 463 1015 499 amanuensium
1040 470 1165 500 errata
1190 464 1236 501 de
1261 465 1386 501 medio
1413 465 1551 502 tollere
1576 465 1759 500 intendet.

436 522 545 559 Haec
569 523 739 560 Ausonio
766 525 911 562 calamo
938 526 1196 563 Hei-calanum
1229 530 1464 575 profecturus
1498 529 1658 576 subjeci.
1693 527 1803 564 VIII.
1845 525 1930 563 Cal.

345 588 433 625 Oct.
461 591 550 625 anni
576 589 679 639 vulg.
707 603 820 627 aerae
849 590 1131 629 MDCCLIIX.

948 683 953 690 -
1009 659 1195 694 Antonius
1224 657 1361 696 Comes
1386 673 1408 695 a
1434 659 1557 696 Turre
1584 658 1832 695 Rezzonici.“

241 718 365 763 Quae,
391 719 481 755 licet
503 721 585 766 ipse
609 720 843 758 Rezzonicus
869 723 1087 759 Ausonio
1115 736 1189 759 non
1213 724 1399 760 Latino
1420 724 1567 760 calamo
1593 737 1635 760 se
1663 736 1708 759 ea
1732 722 1930 768 scripsisse

243 783 343 820 haud
367 785 602 822 incommode
627 789 827 832 monuerit,
853 800 912 824 me
940 796 1234 834 commoverunt,
1261 796 1301 824 ut
1322 801 1371 824 ex
1393 801 1439 824 eo
1458 789 1638 825 nonnulla
1662 785 1929 823 exscriberem.

241 847 356 884 Jussu
383 849 504 898 Regio
529 851 642 897 paulo
668 859 753 897 post
778 858 958 888 avocatus
984 851 1232 898 Parisios,
1268 853 1321 889 ibi
1356 852 1537 901 singulari
1566 852 1609 888 C.
1637 851 1682 888 B.
1710 851 1855 887 Hasii
1880 846 1928 884 V.

244 912 304 949 Cl.
342 913 574 953 humanitate
610 930 719 964 quam
752 918 917 953 maxime
952 924 1184 954 sustentatus
1216 918 1255 953 in
1293 917 1385 952 duos
1420 917 1599 962 imprimis
1629 914 1782 951 incubui
1809 912 1929 949 libros

240 977 337 1014 Mss.
365 978 429 1023 (N.
463 983 572 1016 6795.
599 991 703 1016 saec.
730 979 839 1017 VIII.
867 995 903 1017 v.
930 981 1001 1019 IX.
1029 989 1067 1018 et
1090 981 1139 1019 N.
1161 986 1270 1019 6797.
1297 994 1399 1018 saec.
1425 979 1570 1025 XIII.)‚
1598 992 1689 1027 quos
1707 979 1927 1015 Harduinus

240 1043 418 1092 Regios
443 1045 641 1095 primum
667 1051 704 1079 et
728 1047 993 1082 secundum
1019 1047 1239 1082 nominavit.

382 1106 426 1143 In
453 1107 586 1155 quibus
611 1110 877 1155 percensendis
904 1110 990 1147 dum
1016 1110 1209 1156 versabar,
1247 1123 1306 1147 me
1333 1111 1494 1147 advertit
1521 1121 1616 1157 quae
1642 1109 1739 1145 inter
1764 1109 1926 1154 priorem

237 1171 357 1217 illum,
385 1172 582 1221 Regium
608 1172 655 1218 I.‚
683 1181 720 1209 et
735 1174 1102 1211 Riccardianum
1129 1183 1187 1212 est
1208 1175 1436 1217 similitud03
1466 1188 1577 1222 quum
1594 1187 1668 1210 non
1688 1173 1797 1209 modo
1818 1184 1926 1218 quam

237 1238 372 1274 indicis
397 1245 541 1284 partem
567 1250 616 1274 ex
642 1239 833 1276 codicibus
859 1239 956 1276 Mss.
976 1239 1255 1276 Parisiensibus
1281 1241 1420 1286 primus
1450 1238 1623 1288 vulgavit
1646 1238 1878 1281 Harduinus,
1894 1237 1927 1279 ⁸²)

238 1302 306 1339 sed
331 1303 444 1337 etiam
469 1303 617 1350 insigne
640 1304 826 1349 quoddam
849 1312 1011 1340 erratum
1038 1306 1077 1339 in
1099 1303 1348 1339 Riccardiano
1376 1316 1399 1339 a
1420 1316 1480 1338 me
1501 1303 1802 1338 animadversum
1827 1301 1925 1336 idem

239 1367 317 1402 fere
345 1368 383 1401 in
408 1366 476 1402 illo
503 1366 600 1402 libro
627 1368 869 1404 invenissem.

385 1429 428 1467 In
455 1430 777 1468 Riccardiano
813 1433 911 1468 enim
935 1432 1099 1478 priorem
1125 1432 1286 1467 nominis
1313 1432 1596 1467 Anaximamhi
1628 1436 1771 1476 partem
1797 1432 1925 1470 (Ana-

238 1497 367 1531 ximan
382 1521 391 1531 .
408 1500 444 1539 .)
469 1497 507 1530 in
534 1495 620 1530 libri
645 1495 698 1530 11.
726 1498 847 1542 capite
873 1500 940 1537 763
985 1503 1077 1531 sect.
1098 1500 1158 1532 78.
1182 1497 1375 1541 excipiunt
1402 1495 1518 1531 verba
1544 1496 1780 1532 celadusam
1800 1502 1926 1534 vocat,

238 1574 356 1607 quae,
393 1574 503 1608 quum
527 1562 566 1597 in
593 1562 735 1599 codicis
762 1560 839 1598 Ms.
873 1562 1041 1610 margine
1075 1568 1219 1598 tantum
1245 1559 1471 1607 adscriptum
1497 1561 1564 1596 sit:
1607 1561 1650 1608 (†
1685 1559 1826 1604 deest),
1863 1557 1924 1591 diu

242 1637 263 1660 a
289 1637 348 1660 me
376 1627 560 1672 quaesita,
587 1627 738 1662 tandem
763 1627 802 1661 in
828 1624 915 1661 libri
942 1624 1010 1661 IV.
1039 1628 1161 1672 capite
1189 1630 1248 1662 12.
1274 1627 1393 1667 med.;
1422 1633 1515 1661 sect.
1542 1629 1601 1659 22.
1628 1624 1764 1668 reperi.
1818 1620 1925 1663 Quae

240 1687 337 1724 hunc
371 1689 494 1725 locum
529 1698 733 1737 sequuntur
766 1690 870 1734 (libri
907 1689 975 1726 IV.
1007 1703 1093 1737 pars
1131 1692 1317 1737 posterior
1344 1698 1382 1725 et
1408 1690 1495 1725 libri
1520 1687 1568 1724 V.
1593 1699 1680 1734 pars
1707 1688 1846 1733 prior),
1881 1698 1925 1720 ea

237 1761 339 1789 recte
375 1755 581 1800 procedunt
616 1768 735 1803 usque
768 1756 815 1791 ad
854 1755 942 1792 libri
975 1754 1022 1791 V.
1062 1757 1195 1802 capitis
1222 1758 1257 1792 5.
1284 1762 1376 1790 sect.
1405 1758 1440 1790 5.
1469 1753 1603 1789 verba:
1647 1760 1779 1801 puteos
1805 1756 1925 1787 tamen

237 1818 338 1853 haud
359 1819 504 1865 daeffcile
528 1821 646 1855 binam
663 1819 797 1869 ferme
823 1821 1022 1856 cubitorum
1047 1822 1232 1856 altitudine
1257 1821 1442 1856 inveniunt
1453 1822 1519 1863 ⁴⁰),
1545 1817 1608 1853 ubi
1628 1824 1712 1863 post
1731 1817 1880 1851 altitude:
1894 1842 1924 1850 ..

235 1884 463 1929 inseruntur,
501 1898 596 1932 quae
632 1898 743 1932 supra
771 1887 913 1922 omissa
948 1893 1077 1931 erant,
1115 1885 1201 1922 libri
1230 1884 1281 1921 II.
1309 1897 1396 1932 pars
1422 1884 1629 1931 posterior,
1667 1880 1764 1916 liber
1790 1879 1860 1915 111.
1888 1888 1926 1915 et

236 1947 323 1984 libri
356 1948 424 1985 IV.
468 1962 554 1996 pars
586 1952 709 1996 prior,
744 1951 798 1986 ita
833 1958 875 1986 ut
908 1952 973 1986 vix
1008 1951 1128 1997 possit
1164 1949 1350 1995 dubitari,
1387 1950 1473 1996 quin
1513 1959 1622 1984 omne
1650 1953 1809 1981 erratum
1836 1946 1923 1981 inde

236 2021 356 2049 ortum
384 2015 446 2058 sit,
474 2016 584 2060 quod,
612 2016 673 2061 qui
699 2015 908 2060 exemplar,
936 2028 987 2051 ex
1013 2028 1085 2062 quo
1113 2015 1174 2050 hic
1202 2015 1323 2051 codex
1351 2015 1597 2059 transcriptus
1623 2013 1685 2055 sit,
1713 2012 1921 2058 compegis-

238 2085 318 2123 set,
342 2080 503 2128 paginas
530 2079 710 2127 quasdam
736 2078 968 2129 negligentia
995 2080 1034 2115 in
1061 2079 1227 2116 alienum
1253 2078 1378 2115 locum
1405 2076 1672 2114 transtulisset.

381 2142 467 2178 Non
503 2156 621 2189 aeque
649 2151 788 2178 temere
824 2144 1022 2188 librarius,
1060 2146 1121 2190 qui
1148 2144 1354 2192 Regium
1382 2142 1413 2178 I.
1442 2143 1639 2184 exaravit,
1677 2140 1917 2187 archetypum

235 2214 385 2242 secutus
414 2214 494 2251 est,
537 2207 604 2243 sed
631 2214 773 2243 tantum
801 2206 919 2243 abfuit
953 2215 994 2243 ut
1019 2221 1098 2244 rem
1124 2208 1343 2254 expediret,
1382 2214 1423 2243 ut
1447 2206 1563 2243 multo
1590 2206 1711 2253 magis
1740 2217 1822 2239 eam
1850 2206 1916 2238 irn-

236 2270 407 2315 plicaret.
457 2270 630 2317 Namque
656 2273 694 2306 in
723 2271 810 2307 libri
836 2271 887 2307 II.
915 2273 999 2308 loco
1027 2284 1098 2315 eo,
1138 2285 1247 2318 quem
1282 2285 1393 2318 supra
1420 2271 1637 2318 designavi,
1675 2271 1836 2310 inserta,
1879 2277 1917 2302 ut

236 2336 274 2369 in
302 2335 567 2380 nicom-diano,
593 2336 680 2372 libri
708 2335 774 2371 IV.
802 2345 907 2384 parte
935 2337 1157 2384 posteriore,
1184 2335 1492 2382 huic-subjunxit
1518 2332 1652 2368 librum
1680 2330 1749 2367 111.
1774 2339 1809 2365 et
1831 2330 1914 2365 libri

314 2480 344 2518 θ)
374 2478 449 2510 vid.
470 2487 568 2514 nou·
590 2488 623 2515 et
639 2482 791 2514 emenda.
814 2481 855 2513 ad
877 2481 960 2513 Plin.
984 2481 1026 2511 Η.
1050 2480 1094 2511 N.
1116 2479 1176 2510 lib.
1196 2478 1336 2515 xx}x.;
1360 2483 1430 2509 not.
1450 2473 1580 2508 xxxu.

292 2544 343 2583 *Ἴ
371 2544 417 2575 lta
440 2544 475 2576 in
500 2547 599 2579 codd.
621 2548 709 2580 Mus.
731 2547 812 2579 haee
833 2546 931 2579 verba
954 2546 1116 2578 collocata
1137 2549 1225 2575 sunt-
