2290 3201
1184 297 1235 333 10

367 423 579 458 adsumeret
593 418 815 465 particulam
838 430 941 453 nam.-
969 417 1038 452 sed
1057 417 1154 463 quod
1180 415 1434 459 Quintilianus
1459 418 1562 463 dicit,
1589 416 1844 453 facilitate
1870 428 1954 452 eum
1979 428 2046 452 ex-

369 487 571 529 celluisse,
610 483 648 519 id
688 482 785 519 hanc
812 484 1067 530 conjecturam
1093 482 1215 518 reddit
1240 483 1362 520 minus
1388 483 1634 529 probabilem.
1660 504 1708 510 -
1759 481 1803 518 In
1828 481 1961 517 eodem
1986 493 2046 516 ca-

369 554 465 598 pite,
491 550 560 586 sub
587 557 679 584 sect.
708 553 766 585 36.
794 549 928 592 finem,
955 560 1020 594 pro
1048 547 1193 583 verbis:
1228 549 1279 583 ita
1303 553 1345 584 ut
1368 557 1560 585 venustate
1580 549 1695 596 pauci
1714 549 1750 583 ei
1771 554 2049 594 comparentur,

371 616 481 652 Burb.
521 614 655 650 habet:
696 617 747 650 ita
779 623 818 649 ut
850 621 1038 650 venustate
1072 621 1362 660 computaretur,
1404 620 1442 649 et
1475 614 1515 649 in
1539 615 1729 661 margine:
1769 614 1818 647 ita
1842 617 1883 647 ut
1906 621 2048 646 vetusta

368 693 483 726 opera
504 682 692 728 pingeret.-
713 687 868 725 propter·
893 678 1142 712 aeternitatem
1165 689 1285 712 rerum
1307 677 1503 722 inipetuosi
1523 677 1655 720 anirni,
1681 686 1717 715 et
1740 679 1800 713 cui
1816 679 1927 725 pauci
1952 688 2048 713 com-

368 752 603 791 pararentur,
629 744 675 780 al.
702 752 976 789 comparentur:
1005 755 1101 787 quae
1127 750 1165 777 et
1189 744 1228 777 in
1252 742 1358 778 libris
1386 748 1473 776 ante
1484 741 1719 777 Harduinum
1744 744 1852 778 editis
1878 742 2050 791 leguntur

369 822 450 844 cum
477 815 674 855 praesente
701 814 888 855 tempore:
918 815 1184 855 comparentur,
1212 814 1249 845 et
1275 820 1325 845 ex
1349 806 1446 845 libro
1473 805 1549 843 Ms.
1579 805 1862 854 Petropolitano
1889 811 2048 846 afferun-

368 885 425 909 tur
451 887 473 908 a
499 875 528 908 F
531 874 720 908 alcouetio
747 874 790 916 (l.
818 874 844 908 l.
873 881 961 907 tom.
988 872 1054 907 [V.
1082 886 1169 920 pag.
1192 877 1305 916 194.),
1334 874 1394 919 qui
1420 873 1557 907 acriter
1580 873 1619 906 in
1645 871 1879 909 Harduimun
1903 873 2047 910 invehi-

369 947 447 982 tur,
475 937 573 984 quod
600 936 715 973 verba
740 936 834 973 haec
861 938 1059 986 rejecerit,
1103 951 1198 985 quae
1223 940 1303 984 ipse
1330 938 1482 983 copiosa
1507 937 1749 973 adnotatione
1776 947 1820 973 et⁴
1837 940 1930 974 miro
1957 952 2048 974 sane

368 1004 475 1038 modo
504 1015 550 1036 ea
576 1003 756 1036 vertendo
785 1009 960 1048 tanquam
981 1003 1145 1050 genuina
1170 1009 1306 1046 tuetur,
1333 1001 1574 1047 manuscripti
1599 1001 1656 1036 sui
1682 1000 1822 1037 codicis
1849 1004 1972 1039 studio
1996 1004 2048 1040 ita

367 1074 556 1110 caecatus,
584 1076 638 1112 ut,
667 1069 834 1114 quamvis
861 1080 910 1103 ex
936 1067 1047 1115 hujus
1073 1068 1253 1104 sectionis
1279 1065 1515 1113 paragrapho
1542 1069 1602 1101 20.
1625 1067 1714 1101 citet
1731 1065 1866 1102 verba:
1891 1078 2045 1114 propter

371 1133 625 1166 aeter-nantem
657 1143 796 1171 reram,
846 1143 920 1165 non
955 1130 1169 1180 intelligat,
1219 1142 1294 1166 non
1320 1128 1415 1165 haec
1448 1135 1612 1174 tantum,
1660 1130 1728 1167 sed
1754 1131 1899 1177 omnia,
1954 1145 2049 1180 quae

367 1196 424 1232 hic
450 1197 592 1232 inserta
621 1202 728 1238 sunt,
757 1207 805 1230 ex
830 1195 898 1231 illo
925 1195 1011 1231 loco
1037 1204 1158 1231 sumta
1185 1208 1291 1237 esse,
1318 1194 1382 1229 ubi
1408 1194 1591 1240 legimus:
1616 1204 1656 1228 ut
1679 1196 1885 1230 Alexandri
1907 1198 2048 1245 Magni

333 1285 336 1288 >
367 1272 518 1308 oper-a
553 1260 787 1307 pingeret
820 1266 1023 1306 propter·
1065 1260 1407 1295 aeternitatem
1447 1271 1616 1294 rerum.
1680 1260 1888 1307 Impetus
1913 1264 2054 1298 animi

368 1336 403 1362 et
426 1326 601 1372 quaedam
625 1327 717 1359 artis
739 1324 846 1358 libido
872 1325 909 1358 in
931 1324 1022 1359 haec
1045 1326 1168 1371 potius
1193 1337 1272 1360 eum
1295 1323 1422 1357 tulere.

510 1389 625 1426 Plura
652 1389 836 1436 ejusmodi
863 1390 997 1425 afferre
1024 1388 1176 1436 longum
1204 1395 1285 1429 est3
1323 1401 1431 1424 nemo
1458 1389 1577 1432 enim,
1605 1390 1757 1434 opinor,
1787 1393 1848 1436 qui
1874 1392 1967 1427 haec
1995 1392 2048 1427 le-

367 1456 487 1501 gerit,
531 1454 782 1489 Rezzonicum
808 1461 845 1488 et
870 1453 1129 1489 Falconetium
1156 1453 1311 1488 audiens
1338 1451 1503 1496 dolebit,
1544 1453 1641 1499 quod
1667 1461 1742 1489 tam
1769 1468 1889 1500 pauca
1915 1468 1964 1491 ex
1991 1456 2049 1491 his

368 1518 474 1554 libris
502 1518 598 1554 Mss.
627 1518 735 1553 nobis
762 1519 913 1566 cognita
939 1519 1025 1553 sint.

516 1581 679 1629 Majoris
706 1583 832 1628 utique
859 1584 1037 1619 momenti
1062 1588 1148 1618 sunt
1176 1581 1366 1617 codicis
1392 1593 1473 1617 res
1489 1582 1634 1626 cripti
1660 1581 1824 1618 Pliniani
1851 1583 1940 1618 licet
1958 1596 2047 1629 pau-

368 1660 434 1681 cae
463 1654 605 1682 tantum
632 1647 811 1690 schedae,
840 1660 930 1693 quas
957 1647 1077 1682 literis
1103 1643 1315 1680 uncialibus
1342 1646 1517 1691 scriptas,
1546 1645 1689 1681 formae
1717 1647 1863 1683 mediae
1890 1649 1944 1691 (in
1964 1653 2048 1693 4¹⁰),

368 1713 403 1745 in
430 1711 527 1746 libro
557 1710 631 1747 Ms.
661 1711 750 1747 Divi
780 1711 968 1747 Ambrosii
995 1711 1185 1746 orationes
1211 1710 1347 1755 partim
1371 1709 1534 1744 ineditas
1564 1711 1801 1756 continente,
1844 1712 1986 1748 Romae
2012 1714 2049 1748 in

370 1775 587 1811 monasterii
614 1783 768 1812 sanctae
796 1775 924 1812 Crucis
953 1774 1324 1821 Hierosolymitanae
1349 1772 1579 1810 bibliotheca
1604 1775 1705 1820 vidi,
1732 1777 1799 1812 sed
1825 1785 1865 1813 ut
1890 1777 2047 1826 diligen-

371 1842 442 1876 tius
473 1848 687 1876 excuterem
711 1841 800 1876 mihi
827 1853 901 1875 non
929 1841 1096 1888 contigit.
1137 1839 1341 1886 Postquam
1370 1840 1468 1874 enim
1496 1851 1518 1874 a
1544 1840 1793 1886 compluribus
1822 1842 1912 1877 viris
1928 1843 2048 1878 doctis

372 1905 443 1941 hac
479 1905 525 1942 de
562 1919 600 1942 re
635 1906 843 1942 admonitus
881 1907 1032 1951 saepius
1060 1905 1198 1941 frustra
1222 1906 1262 1940 in
1287 1906 1554 1951 monasterium
1577 1904 1671 1941 illud
1698 1906 1745 1941 ad
1770 1907 1872 1942 urbis
1898 1910 2047 1943 moenia

369 1972 479 2005 situm
505 1983 564 2004 me
591 1969 843 2013 contuleram,
872 1971 989 2015 pridie
1017 1970 1184 2013 demum,
1213 1980 1322 2015 quam
1347 1965 1546 2014 Neapolim
1571 1969 1760 2015 profectus
1786 1983 1881 2017 sum,
1908 1972 2048 2008 offendi

370 2032 623 2070 bibliothecae
662 2035 912 2080 praefectum,
964 2035 1025 2081 qui
1058 2046 1141 2070 cum
1181 2045 1323 2071 summa
1359 2033 1506 2079 quidem
1542 2035 1716 2070 comitate
1750 2036 1841 2070 mihi
1875 2039 2043 2081 promsit,

370 2110 479 2143 quem
505 2099 630 2141 volui,
658 2099 826 2134 codicem
853 2098 927 2133 Ms.
946 2125 957 2143 ,
1002 2099 1113 2134 simul
1139 2105 1265 2134 tamen
1289 2109 1349 2133 me
1375 2097 1464 2132 fecit
1491 2099 1711 2143 certiorem,
1750 2111 1772 2134 a
1797 2101 2047 2145 superioribus

369 2170 515 2198 cautum
542 2175 627 2198 esse
655 2175 702 2197 ne
728 2164 861 2199 iterum
888 2165 1082 2210 quisquam
1108 2162 1221 2199 Plinii
1245 2162 1361 2198 verba
1385 2163 1424 2196 in
1449 2161 1521 2196 hoc
1546 2160 1643 2197 libro
1664 2162 1711 2197 ad
1727 2161 1849 2199 lucem
1867 2177 2046 2201 revocare

369 2232 592 2270 conaretur,
628 2227 804 2274 quoniam
841 2239 882 2262 se
920 2227 1074 2263 absente
1110 2227 1242 2274 aliq-uis
1277 2227 1332 2262 rei
1359 2239 1435 2262 non
1461 2227 1554 2262 satis
1579 2238 1738 2274 gnarus,
1777 2230 1837 2275 qui
1864 2231 2048 2277 ejusmodi

369 2289 576 2335 periculum
603 2291 779 2335 fecisset,
808 2290 901 2326 nihil
929 2292 1111 2327 commodi
1139 2293 1226 2328 inde
1253 2297 1490 2334 consecutus,
1516 2283 1588 2325 nisi
1615 2291 1711 2337 quod
1738 2304 1787 2327 ex
1812 2295 1940 2340 paucis
1959 2275 2047 2331 ‘ver-

370 2355 425 2390 bis
469 2354 540 2390 hoc
568 2355 813 2403 fragmentum
840 2356 887 2392 ad
913 2355 1016 2391 illius
1050 2358 1240 2403 scriptoris
1265 2355 1354 2392 Nat.
1382 2354 1483 2391 Hist.
1510 2354 1626 2391 libros
1654 2354 1804 2394 XXIII.
1834 2366 1871 2395 et
1898 2357 2044 2396 XXIV.

369 2421 560 2466 pertinere
587 2423 817 2469 conjiceret,
857 2422 983 2469 plures
1010 2422 1151 2457 codicis
1177 2423 1335 2469 paginas
1360 2420 1535 2456 caeruleo
1564 2407 1692 2457 colore
1717 2423 1957 2468 obduxisset,
1994 2426 2048 2460 ita

369 2493 409 2521 ut
434 2498 531 2532 quae
559 2498 670 2532 supra
696 2488 833 2533 scripta
859 2494 987 2523 essent
1009 2486 1236 2522 difficillima
1262 2497 1357 2521 nunc
1386 2493 1513 2521 essent
1537 2484 1650 2522 lectu.
1686 2485 1796 2528 Quod
1823 2501 1932 2535 quum
1953 2490 2047 2524 meis

372 2551 490 2586 oculis
527 2552 715 2596 viderem,
759 2552 852 2588 nihil
890 2551 1003 2587 habui
1037 2552 1135 2599 quod
1168 2558 1298 2586 contra
1331 2551 1513 2587 dicerem:
1556 2563 1596 2587 re
1632 2551 1772 2587 insecta
1806 2553 1918 2601 igitur
1952 2553 2047 2589 hunc

376 2615 508 2652 librum
535 2619 743 2653 accuratius
770 2618 1028 2664 perscrutandi
1056 2616 1293 2660 cupiditatem
1318 2618 1521 2662 reprimens
1550 2616 1659 2651 debui
1685 2617 1819 2652 redire.
