<?xml version="1.0" encoding="UTF-8"?>
<!DOCTYPE html PUBLIC "-//W3C//DTD XHTML 1.0 Transitional//EN"
    "http://www.w3.org/TR/xhtml1/DTD/xhtml1-transitional.dtd">
<html xmlns="http://www.w3.org/1999/xhtml" xml:lang="en" lang="en">
 <head>
  <title>
</title>
<meta http-equiv="Content-Type" content="text/html;charset=utf-8" />
  <meta name='ocr-system' content='tesseract 3.04.00' />
  <meta name='ocr-capabilities' content='ocr_page ocr_carea ocr_par ocr_line ocrx_word'/>
</head>
<body>
  <div class='ocr_page' id='page_1' title='image "./4774735_0037.png"; bbox 0 0 2290 3201; ppageno 0'>
   <div class='ocr_carea' id='block_1_1' title="bbox 1033 260 1082 302">
    <p class='ocr_par' dir='ltr' id='par_1_1' title="bbox 1033 260 1082 302">
     <span class='ocr_line' id='line_1_1' title="bbox 1033 260 1082 302; baseline 0.041 -2"><span class='ocrx_word' id='word_1_1' title='bbox 1033 260 1082 302; x_wconf 82' lang='lat'><strong>31</strong></span> 
     </span>
    </p>
   </div>
   <div class='ocr_carea' id='block_1_2' title="bbox 1000 317 1134 325">
    <p class='ocr_par' dir='ltr' id='par_1_2' title="bbox 1000 317 1134 325">
     <span class='ocr_line' id='line_1_2' title="bbox 1000 317 1134 325; baseline 0 0"><span class='ocrx_word' id='word_1_2' title='bbox 1000 317 1134 325; x_wconf 95' lang='lat' dir='ltr'><strong> </strong></span> 
     </span>
    </p>
   </div>
   <div class='ocr_carea' id='block_1_3' title="bbox 228 384 1908 824">
    <p class='ocr_par' dir='ltr' id='par_1_3' title="bbox 228 384 1908 824">
     <span class='ocr_line' id='line_1_3' title="bbox 236 384 1906 425; baseline 0.002 -5"><span class='ocrx_word' id='word_1_3' title='bbox 236 386 387 423; x_wconf 81' lang='lat' dir='ltr'><strong>nonnisi</strong></span> <span class='ocrx_word' id='word_1_4' title='bbox 413 385 460 421; x_wconf 88' lang='lat' dir='ltr'><strong>ad</strong></span> <span class='ocrx_word' id='word_1_5' title='bbox 483 396 671 422; x_wconf 83' lang='lat' dir='ltr'><strong>marmora</strong></span> <span class='ocrx_word' id='word_1_6' title='bbox 695 387 734 422; x_wconf 87' lang='lat' dir='ltr'><strong>in</strong></span> <span class='ocrx_word' id='word_1_7' title='bbox 761 384 856 422; x_wconf 82' lang='lat' dir='ltr'><strong>Chio</strong></span> <span class='ocrx_word' id='word_1_8' title='bbox 881 386 1007 424; x_wconf 77' lang='lat' dir='ltr'><strong>insula</strong></span> <span class='ocrx_word' id='word_1_9' title='bbox 1031 388 1226 423; x_wconf 72' lang='lat' dir='ltr'><strong>nascentia</strong></span> <span class='ocrx_word' id='word_1_10' title='bbox 1250 386 1464 424; x_wconf 79' lang='lat' dir='ltr'><strong>referretur.</strong></span> <span class='ocrx_word' id='word_1_11' title='bbox 1526 387 1662 425; x_wconf 80' lang='lat' dir='ltr'>Talem</span> <span class='ocrx_word' id='word_1_12' title='bbox 1703 400 1794 424; x_wconf 86' lang='lat' dir='ltr'><strong>vero</strong></span> <span class='ocrx_word' id='word_1_13' title='bbox 1828 399 1906 424; x_wconf 89' lang='lat' dir='ltr'><strong>mu-</strong></span> 
     </span>
     <span class='ocr_line' id='line_1_4' title="bbox 228 448 1907 498; baseline 0.001 -11"><span class='ocrx_word' id='word_1_14' title='bbox 228 450 410 487; x_wconf 84' lang='lat' dir='ltr'><strong>tationem</strong></span> <span class='ocrx_word' id='word_1_15' title='bbox 444 462 553 488; x_wconf 89' lang='lat' dir='ltr'><strong>nemo</strong></span> <span class='ocrx_word' id='word_1_16' title='bbox 589 448 888 498; x_wconf 74' lang='lat' dir='ltr'><strong>comprobaverit</strong></span> <span class='ocrx_word' id='word_1_17' title='bbox 927 450 976 488; x_wconf 81' lang='lat' dir='ltr'><strong>ad</strong></span> <span class='ocrx_word' id='word_1_18' title='bbox 1009 449 1236 488; x_wconf 76' lang='lat' dir='ltr'><strong>fulciendam</strong></span> <span class='ocrx_word' id='word_1_19' title='bbox 1269 450 1472 489; x_wconf 84' lang='lat' dir='ltr'><strong>lectionem</strong></span> <span class='ocrx_word' id='word_1_20' title='bbox 1510 464 1532 489; x_wconf 85' lang='lat' dir='ltr'><strong>a</strong></span> <span class='ocrx_word' id='word_1_21' title='bbox 1558 452 1642 489; x_wconf 83' lang='lat' dir='ltr'><strong>solo</strong></span> <span class='ocrx_word' id='word_1_22' title='bbox 1664 452 1810 490; x_wconf 79' lang='lat' dir='ltr'><strong>isidoro</strong></span> <span class='ocrx_word' id='word_1_23' title='bbox 1840 464 1907 488; x_wconf 81' lang='lat' dir='ltr'><strong>ex·</strong></span> 
     </span>
     <span class='ocr_line' id='line_1_5' title="bbox 231 514 1906 564; baseline 0.002 -13"><span class='ocrx_word' id='word_1_24' title='bbox 231 514 411 560; x_wconf 73' lang='lat' dir='ltr'><strong>bibitam,</strong></span> <span class='ocrx_word' id='word_1_25' title='bbox 447 528 556 563; x_wconf 81' lang='lat' dir='ltr'><strong>quem</strong></span> <span class='ocrx_word' id='word_1_26' title='bbox 579 517 703 562; x_wconf 81' lang='lat' dir='ltr'><strong>potius</strong></span> <span class='ocrx_word' id='word_1_27' title='bbox 727 515 822 553; x_wconf 90' lang='lat' dir='ltr'><strong>illud</strong></span> <span class='ocrx_word' id='word_1_28' title='bbox 845 518 884 553; x_wconf 84' lang='lat' dir='ltr'><strong>in</strong></span> <span class='ocrx_word' id='word_1_29' title='bbox 913 517 1009 553; x_wconf 77' lang='lat' dir='ltr'><strong>Chio</strong></span> <span class='ocrx_word' id='word_1_30' title='bbox 1035 527 1103 562; x_wconf 90' lang='lat' dir='ltr'><strong>per</strong></span> <span class='ocrx_word' id='word_1_31' title='bbox 1125 517 1410 562; x_wconf 78' lang='lat' dir='ltr'><strong>imprudentiam</strong></span> <span class='ocrx_word' id='word_1_32' title='bbox 1436 531 1485 554; x_wconf 84' lang='lat' dir='ltr'><strong>ex</strong></span> <span class='ocrx_word' id='word_1_33' title='bbox 1511 520 1700 564; x_wconf 84' lang='lat' dir='ltr'><strong>superiore</strong></span> <span class='ocrx_word' id='word_1_34' title='bbox 1724 519 1794 555; x_wconf 91' lang='lat' dir='ltr'><strong>illo</strong></span> <span class='ocrx_word' id='word_1_35' title='bbox 1820 518 1906 555; x_wconf 88' lang='lat' dir='ltr'><strong>loco</strong></span> 
     </span>
     <span class='ocr_line' id='line_1_6' title="bbox 228 578 1906 632; baseline 0.002 -17"><span class='ocrx_word' id='word_1_36' title='bbox 228 581 268 616; x_wconf 89' lang='lat' dir='ltr'><strong>in</strong></span> <span class='ocrx_word' id='word_1_37' title='bbox 304 578 448 617; x_wconf 81' lang='lat' dir='ltr'><strong>huncce</strong></span> <span class='ocrx_word' id='word_1_38' title='bbox 473 581 723 620; x_wconf 62' lang='lat' dir='ltr'><strong>,transtulisse</strong></span> <span class='ocrx_word' id='word_1_39' title='bbox 760 581 993 618; x_wconf 81' lang='lat' dir='ltr'><strong>crediderim.</strong></span> <span class='ocrx_word' id='word_1_40' title='bbox 1026 600 1077 608; x_wconf 89' lang='lat'><strong>-—</strong></span> <span class='ocrx_word' id='word_1_41' title='bbox 1136 579 1245 623; x_wconf 81' lang='lat' dir='ltr'><strong>Quod</strong></span> <span class='ocrx_word' id='word_1_42' title='bbox 1276 580 1472 618; x_wconf 84' lang='lat' dir='ltr'><strong>Pintianus</strong></span> <span class='ocrx_word' id='word_1_43' title='bbox 1508 583 1671 629; x_wconf 88' lang='lat' dir='ltr'><strong>conjecit</strong></span> <span class='ocrx_word' id='word_1_44' title='bbox 1706 582 1906 632; x_wconf 83' lang='lat' dir='ltr'><strong>legendum</strong></span> 
     </span>
     <span class='ocr_line' id='line_1_7' title="bbox 232 645 1908 695; baseline 0 -14"><span class='ocrx_word' id='word_1_45' title='bbox 232 655 334 690; x_wconf 75' lang='lat' dir='ltr'><strong>esse,</strong></span> <span class='ocrx_word' id='word_1_46' title='bbox 359 646 396 681; x_wconf 77' lang='lat' dir='ltr'><strong>in</strong></span> <span class='ocrx_word' id='word_1_47' title='bbox 423 646 534 682; x_wconf 83' lang='lat' dir='ltr'><strong>Melo</strong></span> <span class='ocrx_word' id='word_1_48' title='bbox 559 647 701 688; x_wconf 77' lang='lat' dir='ltr'><strong>imula,</strong></span> <span class='ocrx_word' id='word_1_49' title='bbox 726 646 766 682; x_wconf 90' lang='lat' dir='ltr'><strong>id</strong></span> <span class='ocrx_word' id='word_1_50' title='bbox 790 653 828 682; x_wconf 90' lang='lat' dir='ltr'><strong>et</strong></span> <span class='ocrx_word' id='word_1_51' title='bbox 850 645 968 683; x_wconf 91' lang='lat' dir='ltr'><strong>multo</strong></span> <span class='ocrx_word' id='word_1_52' title='bbox 992 647 1112 695; x_wconf 81' lang='lat' dir='ltr'><strong>magis</strong></span> <span class='ocrx_word' id='word_1_53' title='bbox 1139 658 1220 682; x_wconf 89' lang='lat' dir='ltr'><strong>cum</strong></span> <span class='ocrx_word' id='word_1_54' title='bbox 1246 658 1307 690; x_wconf 94' lang='lat' dir='ltr'><strong>eo,</strong></span> <span class='ocrx_word' id='word_1_55' title='bbox 1335 647 1431 693; x_wconf 92' lang='lat' dir='ltr'><strong>quod</strong></span> <span class='ocrx_word' id='word_1_56' title='bbox 1455 648 1495 681; x_wconf 91' lang='lat' dir='ltr'><strong>in</strong></span> <span class='ocrx_word' id='word_1_57' title='bbox 1520 646 1627 683; x_wconf 86' lang='lat' dir='ltr'><strong>libris</strong></span> <span class='ocrx_word' id='word_1_58' title='bbox 1651 648 1809 682; x_wconf 80' lang='lat' dir='ltr'><strong>vetustis</strong></span> <span class='ocrx_word' id='word_1_59' title='bbox 1836 654 1908 690; x_wconf 84' lang='lat' dir='ltr'><strong>est,</strong></span> 
     </span>
     <span class='ocr_line' id='line_1_8' title="bbox 232 709 1906 758; baseline 0.001 -14"><span class='ocrx_word' id='word_1_60' title='bbox 232 716 270 744; x_wconf 82' lang='lat' dir='ltr'><strong>et</strong></span> <span class='ocrx_word' id='word_1_61' title='bbox 303 721 426 755; x_wconf 84' lang='lat' dir='ltr'><strong>paene</strong></span> <span class='ocrx_word' id='word_1_62' title='bbox 458 712 610 746; x_wconf 83' lang='lat' dir='ltr'><strong>omnino</strong></span> <span class='ocrx_word' id='word_1_63' title='bbox 645 712 820 747; x_wconf 86' lang='lat' dir='ltr'><strong>convenit</strong></span> <span class='ocrx_word' id='word_1_64' title='bbox 856 723 939 747; x_wconf 85' lang='lat' dir='ltr'><strong>cum</strong></span> <span class='ocrx_word' id='word_1_65' title='bbox 970 710 1110 746; x_wconf 88' lang='lat' dir='ltr'><strong>codicis</strong></span> <span class='ocrx_word' id='word_1_66' title='bbox 1135 709 1380 747; x_wconf 80' lang='lat' dir='ltr'><strong>Monacensis</strong></span> <span class='ocrx_word' id='word_1_67' title='bbox 1415 710 1602 756; x_wconf 91' lang='lat' dir='ltr'><strong>lectione,</strong></span> <span class='ocrx_word' id='word_1_68' title='bbox 1643 711 1706 758; x_wconf 89' lang='lat' dir='ltr'><strong>qui</strong></span> <span class='ocrx_word' id='word_1_69' title='bbox 1731 709 1906 746; x_wconf 83' lang='lat' dir='ltr'><strong>exhibet:</strong></span> 
     </span>
     <span class='ocr_line' id='line_1_9' title="bbox 234 773 1908 824; baseline -0.001 -14"><span class='ocrx_word' id='word_1_70' title='bbox 234 774 275 810; x_wconf 75' lang='lat' dir='ltr'><strong>in</strong></span> <span class='ocrx_word' id='word_1_71' title='bbox 298 774 399 810; x_wconf 74' lang='lat' dir='ltr'><em>na’llo</em></span> <span class='ocrx_word' id='word_1_72' title='bbox 430 775 579 818; x_wconf 70' lang='lat' dir='ltr'><strong>insula,</strong></span> <span class='ocrx_word' id='word_1_73' title='bbox 604 774 724 822; x_wconf 84' lang='lat' dir='ltr'><strong>quod,</strong></span> <span class='ocrx_word' id='word_1_74' title='bbox 749 775 847 810; x_wconf 90' lang='lat' dir='ltr'><strong>sicut</strong></span> <span class='ocrx_word' id='word_1_75' title='bbox 873 775 1004 811; x_wconf 71' lang='lat' dir='ltr'><strong>Melos</strong></span> <span class='ocrx_word' id='word_1_76' title='bbox 1030 775 1143 810; x_wconf 81' lang='lat' dir='ltr'><strong>etiam</strong></span> <span class='ocrx_word' id='word_1_77' title='bbox 1167 776 1206 811; x_wconf 88' lang='lat' dir='ltr'><strong>in</strong></span> <span class='ocrx_word' id='word_1_78' title='bbox 1230 775 1358 811; x_wconf 86' lang='lat' dir='ltr'><strong>tabula</strong></span> <span class='ocrx_word' id='word_1_79' title='bbox 1383 775 1676 824; x_wconf 85' lang='lat' dir='ltr'><strong>Peutingeriana</strong></span> <span class='ocrx_word' id='word_1_80' title='bbox 1698 775 1774 819; x_wconf 87' lang='lat' dir='ltr'><strong>(ed.</strong></span> <span class='ocrx_word' id='word_1_81' title='bbox 1801 773 1908 810; x_wconf 92' lang='lat' dir='ltr'><strong>Mon.</strong></span> 
     </span>
    </p>
   </div>
   <div class='ocr_carea' id='block_1_4' title="bbox 221 837 1908 890">
    <p class='ocr_par' dir='ltr' id='par_1_4' title="bbox 221 837 1908 890">
     <span class='ocr_line' id='line_1_10' title="bbox 221 837 1908 890; baseline 0.001 -17"><span class='ocrx_word' id='word_1_82' title='bbox 221 848 350 890; x_wconf 54' lang='lat' dir='ltr'><strong>pegm-</strong></span> <span class='ocrx_word' id='word_1_83' title='bbox 374 837 484 874; x_wconf 86' lang='lat' dir='ltr'><strong>VIII.</strong></span> <span class='ocrx_word' id='word_1_84' title='bbox 511 837 580 883; x_wconf 89' lang='lat' dir='ltr'><strong>D.)</strong></span> <span class='ocrx_word' id='word_1_85' title='bbox 606 838 818 884; x_wconf 83' lang='lat' dir='ltr'><strong>appellatur</strong></span> <span class='ocrx_word' id='word_1_86' title='bbox 842 841 989 883; x_wconf 70' lang='lat' dir='ltr'><strong>Milo-5,</strong></span> <span class='ocrx_word' id='word_1_87' title='bbox 1012 838 1108 875; x_wconf 90' lang='lat' dir='ltr'><strong>nihil</strong></span> <span class='ocrx_word' id='word_1_88' title='bbox 1133 838 1235 875; x_wconf 86' lang='lat' dir='ltr'><strong>aliud</strong></span> <span class='ocrx_word' id='word_1_89' title='bbox 1261 848 1341 884; x_wconf 87' lang='lat' dir='ltr'><strong>est,</strong></span> <span class='ocrx_word' id='word_1_90' title='bbox 1367 841 1440 876; x_wconf 88' lang='lat' dir='ltr'><strong>nisi</strong></span> <span class='ocrx_word' id='word_1_91' title='bbox 1466 843 1507 876; x_wconf 87' lang='lat' dir='ltr'><strong>in</strong></span> <span class='ocrx_word' id='word_1_92' title='bbox 1534 841 1641 875; x_wconf 83' lang='lat' dir='ltr'><strong>Melo</strong></span> <span class='ocrx_word' id='word_1_93' title='bbox 1667 841 1803 876; x_wconf 76' lang='lat' dir='ltr'><strong>insula.</strong></span> <span class='ocrx_word' id='word_1_94' title='bbox 1831 838 1908 874; x_wconf 89' lang='lat' dir='ltr'><strong>De—</strong></span> 
     </span>
    </p>
   </div>
   <div class='ocr_carea' id='block_1_5' title="bbox 232 902 1912 1465">
    <p class='ocr_par' dir='ltr' id='par_1_5' title="bbox 232 902 1910 1208">
     <span class='ocr_line' id='line_1_11' title="bbox 232 902 1909 953; baseline -0.001 -15"><span class='ocrx_word' id='word_1_95' title='bbox 232 902 345 949; x_wconf 79' lang='lat' dir='ltr'><strong>nique</strong></span> <span class='ocrx_word' id='word_1_96' title='bbox 370 909 527 939; x_wconf 87' lang='lat' dir='ltr'><strong>naturae</strong></span> <span class='ocrx_word' id='word_1_97' title='bbox 551 902 726 948; x_wconf 80' lang='lat' dir='ltr'><strong>insulae,</strong></span> <span class='ocrx_word' id='word_1_98' title='bbox 760 915 855 950; x_wconf 86' lang='lat' dir='ltr'><strong>quae</strong></span> <span class='ocrx_word' id='word_1_99' title='bbox 879 902 1036 950; x_wconf 84' lang='lat' dir='ltr'><strong>sulphur</strong></span> <span class='ocrx_word' id='word_1_100' title='bbox 1060 910 1099 939; x_wconf 91' lang='lat' dir='ltr'><strong>et</strong></span> <span class='ocrx_word' id='word_1_101' title='bbox 1126 903 1264 939; x_wconf 84' lang='lat' dir='ltr'><strong>similia</strong></span> <span class='ocrx_word' id='word_1_102' title='bbox 1289 905 1440 953; x_wconf 83' lang='lat' dir='ltr'><strong>gignat,</strong></span> <span class='ocrx_word' id='word_1_103' title='bbox 1478 911 1514 938; x_wconf 84' lang='lat' dir='ltr'><strong>et</strong></span> <span class='ocrx_word' id='word_1_104' title='bbox 1540 904 1584 938; x_wconf 90' lang='lat' dir='ltr'><strong>de</strong></span> <span class='ocrx_word' id='word_1_105' title='bbox 1611 905 1733 952; x_wconf 52' lang='lat' dir='ltr'><strong>cujusN</strong></span> <span class='ocrx_word' id='word_1_106' title='bbox 1745 902 1909 938; x_wconf 81' lang='lat' dir='ltr'><strong>alumine</strong></span> 
     </span>
     <span class='ocr_line' id='line_1_12' title="bbox 233 964 1910 1015; baseline 0 -12"><span class='ocrx_word' id='word_1_107' title='bbox 233 966 400 1005; x_wconf 85' lang='lat' dir='ltr'><strong>dicatur:</strong></span> <span class='ocrx_word' id='word_1_108' title='bbox 423 967 513 1005; x_wconf 84' lang='lat' dir='ltr'><strong>Lib.</strong></span> <span class='ocrx_word' id='word_1_109' title='bbox 539 966 704 1005; x_wconf 86' lang='lat' dir='ltr'><strong>XXXV.</strong></span> <span class='ocrx_word' id='word_1_110' title='bbox 731 975 816 1015; x_wconf 88' lang='lat' dir='ltr'><strong>post</strong></span> <span class='ocrx_word' id='word_1_111' title='bbox 839 968 937 1005; x_wconf 91' lang='lat' dir='ltr'><strong>med.</strong></span> <span class='ocrx_word' id='word_1_112' title='bbox 964 980 1046 1015; x_wconf 87' lang='lat' dir='ltr'><strong>cap.</strong></span> <span class='ocrx_word' id='word_1_113' title='bbox 1075 971 1157 1010; x_wconf 85' lang='lat'><strong>15.;</strong></span> <span class='ocrx_word' id='word_1_114' title='bbox 1200 975 1294 1004; x_wconf 86' lang='lat' dir='ltr'><strong>sect.</strong></span> <span class='ocrx_word' id='word_1_115' title='bbox 1322 972 1381 1004; x_wconf 87' lang='lat'><strong>52.</strong></span> <span class='ocrx_word' id='word_1_116' title='bbox 1408 970 1514 1004; x_wconf 82' lang='lat' dir='ltr'><strong>Nulli</strong></span> <span class='ocrx_word' id='word_1_117' title='bbox 1539 969 1597 1004; x_wconf 82' lang='lat' dir='ltr'><strong>vis</strong></span> <span class='ocrx_word' id='word_1_118' title='bbox 1621 964 1751 1015; x_wconf 67' lang='lat' dir='ltr'><strong>major</strong></span> <span class='ocrx_word' id='word_1_119' title='bbox 1786 980 1910 1015; x_wconf 84' lang='lat' dir='ltr'><strong>neque</strong></span> 
     </span>
     <span class='ocr_line' id='line_1_13' title="bbox 233 1032 1909 1083; baseline 0 -16"><span class='ocrx_word' id='word_1_120' title='bbox 233 1032 507 1080; x_wconf 68' lang='lat' dir='ltr'><strong>adstringendi,</strong></span> <span class='ocrx_word' id='word_1_121' title='bbox 531 1046 652 1081; x_wconf 80' lang='lat' dir='ltr'><strong>neque</strong></span> <span class='ocrx_word' id='word_1_122' title='bbox 674 1032 986 1083; x_wconf 70' lang='lat' dir='ltr'><strong>denigrandi,</strong></span> <span class='ocrx_word' id='word_1_123' title='bbox 1013 1046 1128 1081; x_wconf 75' lang='lat' dir='ltr'><strong>neque</strong></span> <span class='ocrx_word' id='word_1_124' title='bbox 1152 1035 1418 1071; x_wconf 57' lang='lat' dir='ltr'><strong>indurandi—</strong></span> <span class='ocrx_word' id='word_1_125' title='bbox 1436 1033 1535 1069; x_wconf 83' lang='lat' dir='ltr'><strong>haud</strong></span> <span class='ocrx_word' id='word_1_126' title='bbox 1559 1034 1827 1069; x_wconf 84' lang='lat' dir='ltr'><strong>inconveniens</strong></span> <span class='ocrx_word' id='word_1_127' title='bbox 1852 1039 1909 1067; x_wconf 87' lang='lat' dir='ltr'><strong>est</strong></span> 
     </span>
     <span class='ocr_line' id='line_1_14' title="bbox 233 1095 1803 1148; baseline -0.002 -15"><span class='ocrx_word' id='word_1_128' title='bbox 233 1109 395 1134; x_wconf 84' lang='lat' dir='ltr'><strong>marmor</strong></span> <span class='ocrx_word' id='word_1_129' title='bbox 420 1097 492 1133; x_wconf 90' lang='lat' dir='ltr'><strong>atri</strong></span> <span class='ocrx_word' id='word_1_130' title='bbox 518 1096 670 1134; x_wconf 88' lang='lat' dir='ltr'><strong>coloris.</strong></span> <span class='ocrx_word' id='word_1_131' title='bbox 718 1095 806 1134; x_wconf 89' lang='lat' dir='ltr'><strong>Non</strong></span> <span class='ocrx_word' id='word_1_132' title='bbox 830 1098 944 1148; x_wconf 79' lang='lat' dir='ltr'><strong>igitur</strong></span> <span class='ocrx_word' id='word_1_133' title='bbox 969 1105 1050 1143; x_wconf 91' lang='lat' dir='ltr'><strong>est,</strong></span> <span class='ocrx_word' id='word_1_134' title='bbox 1077 1097 1174 1145; x_wconf 85' lang='lat' dir='ltr'><strong>quod</strong></span> <span class='ocrx_word' id='word_1_135' title='bbox 1200 1097 1313 1134; x_wconf 87' lang='lat' dir='ltr'><strong>aliam</strong></span> <span class='ocrx_word' id='word_1_136' title='bbox 1343 1109 1565 1145; x_wconf 81' lang='lat' dir='ltr'><strong>quaeramus</strong></span> <span class='ocrx_word' id='word_1_137' title='bbox 1590 1096 1803 1133; x_wconf 89' lang='lat' dir='ltr'><strong>lectionem.</strong></span> 
     </span>
     <span class='ocr_line' id='line_1_15' title="bbox 379 1160 1430 1208; baseline 0.002 -12"><span class='ocrx_word' id='word_1_138' title='bbox 379 1160 463 1196; x_wconf 86' lang='lat' dir='ltr'><strong>Jam</strong></span> <span class='ocrx_word' id='word_1_139' title='bbox 496 1174 617 1206; x_wconf 88' lang='lat' dir='ltr'><strong>pauca</strong></span> <span class='ocrx_word' id='word_1_140' title='bbox 647 1162 828 1198; x_wconf 86' lang='lat' dir='ltr'><strong>disseram</strong></span> <span class='ocrx_word' id='word_1_141' title='bbox 863 1162 917 1198; x_wconf 90' lang='lat' dir='ltr'><strong>de</strong></span> <span class='ocrx_word' id='word_1_142' title='bbox 943 1163 1098 1198; x_wconf 81' lang='lat' dir='ltr'><strong>totius</strong></span> <span class='ocrx_word' id='word_1_143' title='bbox 1126 1164 1288 1208; x_wconf 91' lang='lat' dir='ltr'><strong>operis</strong></span> <span class='ocrx_word' id='word_1_144' title='bbox 1315 1163 1430 1198; x_wconf 86' lang='lat' dir='ltr'><strong>fine.</strong></span> 
     </span>
    </p>

    <p class='ocr_par' dir='ltr' id='par_1_6' title="bbox 235 1224 1912 1465">
     <span class='ocr_line' id='line_1_16' title="bbox 235 1224 1910 1272; baseline -0.002 -11"><span class='ocrx_word' id='word_1_145' title='bbox 235 1225 335 1262; x_wconf 88' lang='lat' dir='ltr'><strong>Ante</strong></span> <span class='ocrx_word' id='word_1_146' title='bbox 349 1226 475 1262; x_wconf 85' lang='lat' dir='ltr'><strong>omnia</strong></span> <span class='ocrx_word' id='word_1_147' title='bbox 488 1226 712 1263; x_wconf 90' lang='lat' dir='ltr'><strong>monendum</strong></span> <span class='ocrx_word' id='word_1_148' title='bbox 730 1233 802 1272; x_wconf 88' lang='lat' dir='ltr'><strong>est,</strong></span> <span class='ocrx_word' id='word_1_149' title='bbox 822 1226 957 1262; x_wconf 92' lang='lat' dir='ltr'><strong>librum</strong></span> <span class='ocrx_word' id='word_1_150' title='bbox 970 1225 1153 1272; x_wconf 86' lang='lat' dir='ltr'><strong>ultimum,</strong></span> <span class='ocrx_word' id='word_1_151' title='bbox 1178 1227 1212 1262; x_wconf 88' lang='lat' dir='ltr'><strong>si</strong></span> <span class='ocrx_word' id='word_1_152' title='bbox 1226 1226 1524 1262; x_wconf 89' lang='lat' dir='ltr'><strong>Laurentianum</strong></span> <span class='ocrx_word' id='word_1_153' title='bbox 1539 1225 1724 1270; x_wconf 82' lang='lat' dir='ltr'><strong>excipias,</strong></span> <span class='ocrx_word' id='word_1_154' title='bbox 1740 1225 1779 1267; x_wconf 85' lang='lat' dir='ltr'><strong>in</strong></span> <span class='ocrx_word' id='word_1_155' title='bbox 1793 1224 1910 1258; x_wconf 88' lang='lat' dir='ltr'><strong>omni-</strong></span> 
     </span>
     <span class='ocr_line' id='line_1_17' title="bbox 236 1287 1912 1337; baseline -0.001 -13"><span class='ocrx_word' id='word_1_156' title='bbox 236 1288 321 1333; x_wconf 88' lang='lat' dir='ltr'><strong>bus,</strong></span> <span class='ocrx_word' id='word_1_157' title='bbox 347 1301 443 1335; x_wconf 87' lang='lat' dir='ltr'><strong>quae</strong></span> <span class='ocrx_word' id='word_1_158' title='bbox 457 1289 620 1335; x_wconf 76' lang='lat' dir='ltr'><strong>inspexi,</strong></span> <span class='ocrx_word' id='word_1_159' title='bbox 633 1291 790 1327; x_wconf 82' lang='lat' dir='ltr'><strong>vetustis</strong></span> <span class='ocrx_word' id='word_1_160' title='bbox 805 1290 1097 1337; x_wconf 83' lang='lat' dir='ltr'><strong>exemplaribus,</strong></span> <span class='ocrx_word' id='word_1_161' title='bbox 1116 1292 1213 1327; x_wconf 91' lang='lat' dir='ltr'><strong>sicut</strong></span> <span class='ocrx_word' id='word_1_162' title='bbox 1227 1292 1266 1326; x_wconf 92' lang='lat' dir='ltr'><strong>in</strong></span> <span class='ocrx_word' id='word_1_163' title='bbox 1279 1289 1469 1326; x_wconf 75' lang='lat' dir='ltr'><strong>vossiano</strong></span> <span class='ocrx_word' id='word_1_164' title='bbox 1488 1296 1525 1324; x_wconf 88' lang='lat' dir='ltr'><strong>et</strong></span> <span class='ocrx_word' id='word_1_165' title='bbox 1540 1290 1579 1324; x_wconf 92' lang='lat' dir='ltr'><strong>in</strong></span> <span class='ocrx_word' id='word_1_166' title='bbox 1594 1287 1759 1324; x_wconf 87' lang='lat' dir='ltr'><strong>Pintiani</strong></span> <span class='ocrx_word' id='word_1_167' title='bbox 1776 1288 1912 1323; x_wconf 89' lang='lat' dir='ltr'><strong>codici-</strong></span> 
     </span>
     <span class='ocr_line' id='line_1_18' title="bbox 238 1352 1911 1403; baseline -0.001 -15"><span class='ocrx_word' id='word_1_168' title='bbox 238 1352 308 1388; x_wconf 90' lang='lat' dir='ltr'><strong>bus</strong></span> <span class='ocrx_word' id='word_1_169' title='bbox 335 1353 483 1399; x_wconf 89' lang='lat' dir='ltr'><strong>deesse,</strong></span> <span class='ocrx_word' id='word_1_170' title='bbox 508 1354 548 1390; x_wconf 90' lang='lat' dir='ltr'><strong>in</strong></span> <span class='ocrx_word' id='word_1_171' title='bbox 572 1366 646 1390; x_wconf 92' lang='lat' dir='ltr'><strong>uno</strong></span> <span class='ocrx_word' id='word_1_172' title='bbox 673 1353 793 1403; x_wconf 83' lang='lat' dir='ltr'><strong>Regio</strong></span> <span class='ocrx_word' id='word_1_173' title='bbox 814 1352 866 1390; x_wconf 92' lang='lat'><strong>11.</strong></span> <span class='ocrx_word' id='word_1_174' title='bbox 889 1354 1010 1391; x_wconf 86' lang='lat' dir='ltr'><strong>altera</strong></span> <span class='ocrx_word' id='word_1_175' title='bbox 1026 1367 1138 1392; x_wconf 83' lang='lat' dir='ltr'><strong>manu</strong></span> <span class='ocrx_word' id='word_1_176' title='bbox 1153 1355 1397 1401; x_wconf 88' lang='lat' dir='ltr'><strong>adscriptum:</strong></span> <span class='ocrx_word' id='word_1_177' title='bbox 1422 1353 1521 1388; x_wconf 90' lang='lat' dir='ltr'><strong>unde</strong></span> <span class='ocrx_word' id='word_1_178' title='bbox 1537 1359 1661 1388; x_wconf 86' lang='lat' dir='ltr'><strong>tamen</strong></span> <span class='ocrx_word' id='word_1_179' title='bbox 1676 1363 1785 1387; x_wconf 88' lang='lat' dir='ltr'><strong>nemo</strong></span> <span class='ocrx_word' id='word_1_180' title='bbox 1803 1364 1911 1399; x_wconf 86' lang='lat' dir='ltr'><strong>arg-u-</strong></span> 
     </span>
     <span class='ocr_line' id='line_1_19' title="bbox 236 1417 1910 1465; baseline -0.001 -13"><span class='ocrx_word' id='word_1_181' title='bbox 236 1424 400 1453; x_wconf 89' lang='lat' dir='ltr'><strong>mentum</strong></span> <span class='ocrx_word' id='word_1_182' title='bbox 436 1425 579 1463; x_wconf 84' lang='lat' dir='ltr'><strong>sumat,</strong></span> <span class='ocrx_word' id='word_1_183' title='bbox 620 1431 691 1465; x_wconf 90' lang='lat' dir='ltr'><strong>quo</strong></span> <span class='ocrx_word' id='word_1_184' title='bbox 717 1419 850 1465; x_wconf 89' lang='lat' dir='ltr'><strong>probet</strong></span> <span class='ocrx_word' id='word_1_185' title='bbox 882 1419 980 1456; x_wconf 87' lang='lat' dir='ltr'><strong>hunc</strong></span> <span class='ocrx_word' id='word_1_186' title='bbox 1006 1419 1141 1456; x_wconf 88' lang='lat' dir='ltr'><strong>librum</strong></span> <span class='ocrx_word' id='word_1_187' title='bbox 1166 1419 1293 1463; x_wconf 85' lang='lat' dir='ltr'><strong>Plinio</strong></span> <span class='ocrx_word' id='word_1_188' title='bbox 1321 1431 1406 1454; x_wconf 86' lang='lat' dir='ltr'><strong>esse</strong></span> <span class='ocrx_word' id='word_1_189' title='bbox 1434 1417 1705 1465; x_wconf 85' lang='lat' dir='ltr'><strong>abrogandum:</strong></span> <span class='ocrx_word' id='word_1_190' title='bbox 1744 1417 1910 1462; x_wconf 86' lang='lat' dir='ltr'><strong>protinus</strong></span> 
     </span>
    </p>
   </div>
   <div class='ocr_carea' id='block_1_6' title="bbox 223 1479 1911 1531">
    <p class='ocr_par' dir='ltr' id='par_1_7' title="bbox 223 1479 1911 1531">
     <span class='ocr_line' id='line_1_20' title="bbox 223 1479 1911 1531; baseline -0.002 -15"><span class='ocrx_word' id='word_1_191' title='bbox 223 1483 336 1517; x_wconf 75' lang='lat' dir='ltr'><strong>‚enim</strong></span> <span class='ocrx_word' id='word_1_192' title='bbox 361 1480 456 1516; x_wconf 84' lang='lat' dir='ltr'><strong>haec</strong></span> <span class='ocrx_word' id='word_1_193' title='bbox 480 1484 576 1517; x_wconf 89' lang='lat' dir='ltr'><strong>ratio</strong></span> <span class='ocrx_word' id='word_1_194' title='bbox 603 1483 830 1519; x_wconf 85' lang='lat' dir='ltr'><strong>refutaretur</strong></span> <span class='ocrx_word' id='word_1_195' title='bbox 855 1494 916 1528; x_wconf 89' lang='lat' dir='ltr'><strong>eo,</strong></span> <span class='ocrx_word' id='word_1_196' title='bbox 943 1484 1042 1530; x_wconf 89' lang='lat' dir='ltr'><strong>quod</strong></span> <span class='ocrx_word' id='word_1_197' title='bbox 1062 1484 1145 1531; x_wconf 85' lang='lat' dir='ltr'><strong>jam</strong></span> <span class='ocrx_word' id='word_1_198' title='bbox 1172 1482 1325 1519; x_wconf 88' lang='lat' dir='ltr'><strong>Solinus</strong></span> <span class='ocrx_word' id='word_1_199' title='bbox 1354 1489 1392 1518; x_wconf 90' lang='lat' dir='ltr'><strong>et</strong></span> <span class='ocrx_word' id='word_1_200' title='bbox 1417 1481 1584 1517; x_wconf 86' lang='lat' dir='ltr'><strong>Isidorus</strong></span> <span class='ocrx_word' id='word_1_201' title='bbox 1612 1479 1851 1526; x_wconf 87' lang='lat' dir='ltr'><strong>Hispalensis</strong></span> <span class='ocrx_word' id='word_1_202' title='bbox 1873 1480 1911 1513; x_wconf 91' lang='lat' dir='ltr'><strong>in</strong></span> 
     </span>
    </p>
   </div>
   <div class='ocr_carea' id='block_1_7' title="bbox 235 1545 1918 2175">
    <p class='ocr_par' dir='ltr' id='par_1_8' title="bbox 235 1545 1918 2175">
     <span class='ocr_line' id='line_1_21' title="bbox 237 1545 1912 1596; baseline -0.002 -16"><span class='ocrx_word' id='word_1_203' title='bbox 237 1545 502 1591; x_wconf 84' lang='lat' dir='ltr'><strong>componendis</strong></span> <span class='ocrx_word' id='word_1_204' title='bbox 528 1547 606 1583; x_wconf 89' lang='lat' dir='ltr'><strong>suis</strong></span> <span class='ocrx_word' id='word_1_205' title='bbox 631 1546 738 1584; x_wconf 90' lang='lat' dir='ltr'><strong>libris</strong></span> <span class='ocrx_word' id='word_1_206' title='bbox 765 1559 811 1583; x_wconf 91' lang='lat' dir='ltr'><strong>eo</strong></span> <span class='ocrx_word' id='word_1_207' title='bbox 836 1549 897 1584; x_wconf 89' lang='lat' dir='ltr'><strong>usi</strong></span> <span class='ocrx_word' id='word_1_208' title='bbox 921 1554 1029 1593; x_wconf 85' lang='lat' dir='ltr'><strong>sunt,</strong></span> <span class='ocrx_word' id='word_1_209' title='bbox 1065 1554 1104 1584; x_wconf 89' lang='lat' dir='ltr'><strong>et</strong></span> <span class='ocrx_word' id='word_1_210' title='bbox 1128 1548 1227 1596; x_wconf 82' lang='lat' dir='ltr'><strong>quod</strong></span> <span class='ocrx_word' id='word_1_211' title='bbox 1250 1549 1290 1584; x_wconf 91' lang='lat' dir='ltr'><strong>in</strong></span> <span class='ocrx_word' id='word_1_212' title='bbox 1315 1548 1433 1594; x_wconf 87' lang='lat' dir='ltr'><strong>primo</strong></span> <span class='ocrx_word' id='word_1_213' title='bbox 1460 1545 1556 1581; x_wconf 89' lang='lat' dir='ltr'><strong>libro</strong></span> <span class='ocrx_word' id='word_1_214' title='bbox 1571 1571 1582 1589; x_wconf 92' lang='lat'><strong>,</strong></span> <span class='ocrx_word' id='word_1_215' title='bbox 1607 1565 1655 1570; x_wconf 93' lang='lat'><strong>—-</strong></span> <span class='ocrx_word' id='word_1_216' title='bbox 1691 1555 1799 1590; x_wconf 89' lang='lat' dir='ltr'><strong>quem</strong></span> <span class='ocrx_word' id='word_1_217' title='bbox 1828 1555 1912 1588; x_wconf 88' lang='lat' dir='ltr'><strong>sup-</strong></span> 
     </span>
     <span class='ocr_line' id='line_1_22' title="bbox 237 1606 1914 1657; baseline -0.002 -12"><span class='ocrx_word' id='word_1_218' title='bbox 237 1611 400 1655; x_wconf 87' lang='lat' dir='ltr'><strong>positum</strong></span> <span class='ocrx_word' id='word_1_219' title='bbox 426 1622 537 1655; x_wconf 84' lang='lat' dir='ltr'><strong>esse,</strong></span> <span class='ocrx_word' id='word_1_220' title='bbox 577 1612 745 1647; x_wconf 88' lang='lat' dir='ltr'><strong>codicum</strong></span> <span class='ocrx_word' id='word_1_221' title='bbox 778 1611 875 1648; x_wconf 85' lang='lat' dir='ltr'><strong>Mss.</strong></span> <span class='ocrx_word' id='word_1_222' title='bbox 914 1614 1136 1649; x_wconf 85' lang='lat' dir='ltr'><strong>auctoritate</strong></span> <span class='ocrx_word' id='word_1_223' title='bbox 1162 1614 1256 1657; x_wconf 86' lang='lat' dir='ltr'><strong>nisi,</strong></span> <span class='ocrx_word' id='word_1_224' title='bbox 1297 1611 1494 1648; x_wconf 81' lang='lat' dir='ltr'><strong>Harduino</strong></span> <span class='ocrx_word' id='word_1_225' title='bbox 1529 1609 1602 1654; x_wconf 84' lang='lat' dir='ltr'><strong>(cf.</strong></span> <span class='ocrx_word' id='word_1_226' title='bbox 1631 1606 1813 1645; x_wconf 79' lang='lat' dir='ltr'><strong>Chronol.</strong></span> <span class='ocrx_word' id='word_1_227' title='bbox 1837 1614 1914 1642; x_wconf 80' lang='lat' dir='ltr'><strong>vet.</strong></span> 
     </span>
     <span class='ocr_line' id='line_1_23' title="bbox 236 1670 1914 1722; baseline -0.003 -13"><span class='ocrx_word' id='word_1_228' title='bbox 236 1680 325 1710; x_wconf 86' lang='lat' dir='ltr'><strong>test.</strong></span> <span class='ocrx_word' id='word_1_229' title='bbox 362 1686 400 1720; x_wconf 79' lang='lat' dir='ltr'><strong>p.</strong></span> <span class='ocrx_word' id='word_1_230' title='bbox 426 1677 530 1716; x_wconf 86' lang='lat'><strong>152.;</strong></span> <span class='ocrx_word' id='word_1_231' title='bbox 574 1682 612 1710; x_wconf 89' lang='lat' dir='ltr'><strong>et</strong></span> <span class='ocrx_word' id='word_1_232' title='bbox 647 1681 724 1710; x_wconf 91' lang='lat' dir='ltr'><strong>not.</strong></span> <span class='ocrx_word' id='word_1_233' title='bbox 761 1679 795 1711; x_wconf 86' lang='lat'><strong>8.</strong></span> <span class='ocrx_word' id='word_1_234' title='bbox 831 1676 879 1711; x_wconf 90' lang='lat' dir='ltr'><strong>ad</strong></span> <span class='ocrx_word' id='word_1_235' title='bbox 912 1675 1012 1711; x_wconf 90' lang='lat' dir='ltr'><strong>Plin.</strong></span> <span class='ocrx_word' id='word_1_236' title='bbox 1037 1674 1086 1711; x_wconf 89' lang='lat' dir='ltr'><strong>N.</strong></span> <span class='ocrx_word' id='word_1_237' title='bbox 1113 1675 1164 1711; x_wconf 91' lang='lat' dir='ltr'><strong>H.</strong></span> <span class='ocrx_word' id='word_1_238' title='bbox 1192 1677 1300 1722; x_wconf 85' lang='lat' dir='ltr'><strong>epist.</strong></span> <span class='ocrx_word' id='word_1_239' title='bbox 1328 1687 1453 1719; x_wconf 69' lang='lat' dir='ltr'><strong>nunc„</strong></span> <span class='ocrx_word' id='word_1_240' title='bbox 1489 1675 1548 1709; x_wconf 84' lang='lat' dir='ltr'><strong>ed.</strong></span> <span class='ocrx_word' id='word_1_241' title='bbox 1576 1673 1626 1708; x_wconf 92' lang='grc' dir='ltr'><strong>ΙΙ.</strong></span> <span class='ocrx_word' id='word_1_242' title='bbox 1653 1680 1745 1707; x_wconf 90' lang='lat' dir='ltr'><strong>tom.</strong></span> <span class='ocrx_word' id='word_1_243' title='bbox 1771 1670 1802 1705; x_wconf 93' lang='lat'><strong>1.</strong></span> <span class='ocrx_word' id='word_1_244' title='bbox 1828 1683 1914 1718; x_wconf 85' lang='lat' dir='ltr'><strong>pag.</strong></span> 
     </span>
     <span class='ocr_line' id='line_1_24' title="bbox 238 1734 1916 1786; baseline -0.002 -13"><span class='ocrx_word' id='word_1_245' title='bbox 238 1741 272 1774; x_wconf 88' lang='lat'><strong>1.</strong></span> <span class='ocrx_word' id='word_1_246' title='bbox 299 1741 374 1785; x_wconf 87' lang='lat' dir='ltr'><strong>sq.)</strong></span> <span class='ocrx_word' id='word_1_247' title='bbox 406 1737 565 1786; x_wconf 84' lang='lat' dir='ltr'><strong>aliisque</strong></span> <span class='ocrx_word' id='word_1_248' title='bbox 591 1740 743 1775; x_wconf 87' lang='lat' dir='ltr'><strong>minime</strong></span> <span class='ocrx_word' id='word_1_249' title='bbox 771 1740 1008 1777; x_wconf 85' lang='lat' dir='ltr'><strong>concedimus</strong></span> <span class='ocrx_word' id='word_1_250' title='bbox 1039 1761 1088 1767; x_wconf 87' lang='lat'><strong>-—-</strong></span> <span class='ocrx_word' id='word_1_251' title='bbox 1111 1747 1317 1776; x_wconf 84' lang='lat' dir='ltr'><strong>ceterorum</strong></span> <span class='ocrx_word' id='word_1_252' title='bbox 1341 1738 1522 1775; x_wconf 90' lang='lat' dir='ltr'><strong>librorum</strong></span> <span class='ocrx_word' id='word_1_253' title='bbox 1550 1736 1777 1786; x_wconf 85' lang='lat' dir='ltr'><strong>argumentis</strong></span> <span class='ocrx_word' id='word_1_254' title='bbox 1805 1734 1916 1782; x_wconf 87' lang='lat' dir='ltr'><strong>hujus</strong></span> 
     </span>
     <span class='ocr_line' id='line_1_25' title="bbox 237 1800 1917 1850; baseline -0.002 -12"><span class='ocrx_word' id='word_1_255' title='bbox 237 1814 383 1850; x_wconf 81' lang='lat' dir='ltr'><strong>quoque</strong></span> <span class='ocrx_word' id='word_1_256' title='bbox 416 1803 533 1839; x_wconf 85' lang='lat' dir='ltr'><strong>index</strong></span> <span class='ocrx_word' id='word_1_257' title='bbox 568 1803 760 1850; x_wconf 87' lang='lat' dir='ltr'><strong>subjectus</strong></span> <span class='ocrx_word' id='word_1_258' title='bbox 796 1812 866 1840; x_wconf 89' lang='lat' dir='ltr'><strong>est.</strong></span> <span class='ocrx_word' id='word_1_259' title='bbox 902 1825 951 1831; x_wconf 92' lang='lat'><strong>—-</strong></span> <span class='ocrx_word' id='word_1_260' title='bbox 1011 1805 1149 1840; x_wconf 86' lang='lat' dir='ltr'><strong>Eorum</strong></span> <span class='ocrx_word' id='word_1_261' title='bbox 1185 1816 1276 1840; x_wconf 88' lang='lat' dir='ltr'><strong>vero</strong></span> <span class='ocrx_word' id='word_1_262' title='bbox 1302 1804 1470 1839; x_wconf 89' lang='lat' dir='ltr'><strong>codicum</strong></span> <span class='ocrx_word' id='word_1_263' title='bbox 1495 1801 1593 1837; x_wconf 87' lang='lat' dir='ltr'><strong>Mss.</strong></span> <span class='ocrx_word' id='word_1_264' title='bbox 1609 1827 1620 1845; x_wconf 94' lang='lat'><strong>,</strong></span> <span class='ocrx_word' id='word_1_265' title='bbox 1661 1802 1724 1847; x_wconf 89' lang='lat' dir='ltr'><strong>qui</strong></span> <span class='ocrx_word' id='word_1_266' title='bbox 1748 1800 1917 1836; x_wconf 82' lang='lat' dir='ltr'><strong>ultimum</strong></span> 
     </span>
     <span class='ocr_line' id='line_1_26' title="bbox 236 1866 1915 1916; baseline -0.002 -13"><span class='ocrx_word' id='word_1_267' title='bbox 236 1866 334 1904; x_wconf 89' lang='lat' dir='ltr'><strong>hunc</strong></span> <span class='ocrx_word' id='word_1_268' title='bbox 365 1867 501 1904; x_wconf 87' lang='lat' dir='ltr'><strong>librum</strong></span> <span class='ocrx_word' id='word_1_269' title='bbox 534 1869 745 1914; x_wconf 85' lang='lat' dir='ltr'><strong>continent,</strong></span> <span class='ocrx_word' id='word_1_270' title='bbox 773 1868 853 1914; x_wconf 90' lang='lat' dir='ltr'><strong>alii,</strong></span> <span class='ocrx_word' id='word_1_271' title='bbox 888 1876 932 1905; x_wconf 81' lang='lat' dir='ltr'><strong>ut</strong></span> <span class='ocrx_word' id='word_1_272' title='bbox 953 1868 1223 1905; x_wconf 73' lang='lat' dir='ltr'><strong>parisiensium</strong></span> <span class='ocrx_word' id='word_1_273' title='bbox 1249 1875 1407 1916; x_wconf 84' lang='lat' dir='ltr'><strong>quatuor</strong></span> <span class='ocrx_word' id='word_1_274' title='bbox 1432 1875 1470 1904; x_wconf 87' lang='lat' dir='ltr'><strong>et</strong></span> <span class='ocrx_word' id='word_1_275' title='bbox 1505 1866 1777 1903; x_wconf 85' lang='lat' dir='ltr'><strong>Vaticanorum</strong></span> <span class='ocrx_word' id='word_1_276' title='bbox 1803 1876 1915 1907; x_wconf 88' lang='lat' dir='ltr'><strong>unus,</strong></span> 
     </span>
     <span class='ocr_line' id='line_1_27' title="bbox 237 1929 1918 1986; baseline -0.002 -18"><span class='ocrx_word' id='word_1_277' title='bbox 237 1933 413 1969; x_wconf 86' lang='lat' dir='ltr'><strong>desinunt</strong></span> <span class='ocrx_word' id='word_1_278' title='bbox 444 1934 484 1968; x_wconf 91' lang='lat' dir='ltr'><strong>in</strong></span> <span class='ocrx_word' id='word_1_279' title='bbox 509 1935 643 1979; x_wconf 87' lang='lat' dir='ltr'><strong>capitis</strong></span> <span class='ocrx_word' id='word_1_280' title='bbox 667 1933 814 1979; x_wconf 90' lang='lat' dir='ltr'><strong>ultimi,</strong></span> <span class='ocrx_word' id='word_1_281' title='bbox 849 1935 1028 1986; x_wconf 88' lang='lat' dir='ltr'><strong>sectionis</strong></span> <span class='ocrx_word' id='word_1_282' title='bbox 1054 1938 1114 1972; x_wconf 88' lang='grc'><strong>76.</strong></span> <span class='ocrx_word' id='word_1_283' title='bbox 1139 1932 1278 1970; x_wconf 86' lang='lat' dir='ltr'><strong>verba:</strong></span> <span class='ocrx_word' id='word_1_284' title='bbox 1313 1934 1585 1982; x_wconf 72' lang='lat' dir='ltr'><strong>Experimenta</strong></span> <span class='ocrx_word' id='word_1_285' title='bbox 1608 1931 1779 1980; x_wconf 58' lang='lat' dir='ltr'><strong>pluribus</strong></span> <span class='ocrx_word' id='word_1_286' title='bbox 1800 1929 1918 1966; x_wconf 74' lang='lat' dir='ltr'><strong>modis</strong></span> 
     </span>
     <span class='ocr_line' id='line_1_28' title="bbox 236 1994 1916 2044; baseline -0.004 -10"><span class='ocrx_word' id='word_1_287' title='bbox 236 2005 423 2034; x_wconf 75' lang='lat' dir='ltr'><strong>constant.</strong></span> <span class='ocrx_word' id='word_1_288' title='bbox 474 1997 643 2033; x_wconf 74' lang='lat' dir='ltr'><strong>Primum</strong></span> <span class='ocrx_word' id='word_1_289' title='bbox 665 1999 849 2044; x_wconf 82' lang='lat' dir='ltr'><strong>pondere,</strong></span> <span class='ocrx_word' id='word_1_290' title='bbox 876 2023 887 2033; x_wconf 90' lang='lat'><em>.</em></span> <span class='ocrx_word' id='word_1_291' title='bbox 916 2023 926 2033; x_wconf 90' lang='lat'><strong>.</strong></span> <span class='ocrx_word' id='word_1_292' title='bbox 952 1998 1042 2043; x_wconf 81' lang='lat' dir='ltr'><strong>alii,</strong></span> <span class='ocrx_word' id='word_1_293' title='bbox 1067 2005 1109 2034; x_wconf 91' lang='lat' dir='ltr'><strong>ut</strong></span> <span class='ocrx_word' id='word_1_294' title='bbox 1133 1997 1426 2042; x_wconf 83' lang='lat' dir='ltr'><strong>Laurentianus,</strong></span> <span class='ocrx_word' id='word_1_295' title='bbox 1452 1997 1696 2033; x_wconf 86' lang='lat' dir='ltr'><strong>Monacensis</strong></span> <span class='ocrx_word' id='word_1_296' title='bbox 1723 2002 1759 2029; x_wconf 86' lang='lat' dir='ltr'><strong>et</strong></span> <span class='ocrx_word' id='word_1_297' title='bbox 1783 1994 1916 2029; x_wconf 87' lang='lat' dir='ltr'><strong>Petro-</strong></span> 
     </span>
     <span class='ocr_line' id='line_1_29' title="bbox 235 2058 1916 2112; baseline -0.002 -14"><span class='ocrx_word' id='word_1_298' title='bbox 235 2061 440 2108; x_wconf 87' lang='lat' dir='ltr'><strong>politanus,</strong></span> <span class='ocrx_word' id='word_1_299' title='bbox 463 2063 503 2098; x_wconf 91' lang='lat' dir='ltr'><strong>in</strong></span> <span class='ocrx_word' id='word_1_300' title='bbox 528 2061 685 2099; x_wconf 87' lang='lat' dir='ltr'><strong>haecce:</strong></span> <span class='ocrx_word' id='word_1_301' title='bbox 711 2068 751 2100; x_wconf 83' lang='lat' dir='ltr'><strong>et</strong></span> <span class='ocrx_word' id='word_1_302' title='bbox 765 2065 873 2110; x_wconf 75' lang='lat' dir='ltr'><strong>prius</strong></span> <span class='ocrx_word' id='word_1_303' title='bbox 884 2077 1003 2112; x_wconf 78' lang='lat' dir='ltr'><strong>qaam</strong></span> <span class='ocrx_word' id='word_1_304' title='bbox 1019 2064 1071 2100; x_wconf 81' lang='lat' dir='ltr'><strong>ad</strong></span> <span class='ocrx_word' id='word_1_305' title='bbox 1082 2065 1209 2101; x_wconf 81' lang='lat' dir='ltr'><strong>oculos</strong></span> <span class='ocrx_word' id='word_1_306' title='bbox 1221 2065 1421 2110; x_wconf 78' lang='lat' dir='ltr'><strong>perveniat</strong></span> <span class='ocrx_word' id='word_1_307' title='bbox 1434 2065 1607 2099; x_wconf 76' lang='lat' dir='ltr'><strong>desinens</strong></span> <span class='ocrx_word' id='word_1_308' title='bbox 1621 2063 1747 2097; x_wconf 86' lang='lat' dir='ltr'><strong>nitor.-</strong></span> <span class='ocrx_word' id='word_1_309' title='bbox 1773 2058 1839 2095; x_wconf 89' lang='lat' dir='ltr'><strong>alii</strong></span> <span class='ocrx_word' id='word_1_310' title='bbox 1853 2059 1916 2094; x_wconf 88' lang='lat' dir='ltr'><strong>de-</strong></span> 
     </span>
     <span class='ocr_line' id='line_1_30' title="bbox 237 2124 1916 2175; baseline -0.009 -3"><span class='ocrx_word' id='word_1_311' title='bbox 237 2126 371 2173; x_wconf 66' lang='lat' dir='ltr'><strong>nique,</strong></span> <span class='ocrx_word' id='word_1_312' title='bbox 405 2127 508 2174; x_wconf 74' lang='lat' dir='ltr'><strong>iique</strong></span> <span class='ocrx_word' id='word_1_313' title='bbox 540 2127 779 2173; x_wconf 82' lang='lat' dir='ltr'><strong>paucissimi,</strong></span> <span class='ocrx_word' id='word_1_314' title='bbox 823 2139 871 2163; x_wconf 85' lang='lat' dir='ltr'><strong>ex</strong></span> <span class='ocrx_word' id='word_1_315' title='bbox 907 2127 1040 2175; x_wconf 89' lang='lat' dir='ltr'><strong>quibus</strong></span> <span class='ocrx_word' id='word_1_316' title='bbox 1067 2135 1125 2164; x_wconf 89' lang='lat' dir='ltr'><strong>est</strong></span> <span class='ocrx_word' id='word_1_317' title='bbox 1150 2127 1378 2164; x_wconf 83' lang='lat' dir='ltr'><strong>Parisiensis</strong></span> <span class='ocrx_word' id='word_1_318' title='bbox 1403 2125 1452 2163; x_wconf 88' lang='lat' dir='ltr'><strong>N.</strong></span> <span class='ocrx_word' id='word_1_319' title='bbox 1477 2130 1584 2163; x_wconf 82' lang='lat'>6804.</span> <span class='ocrx_word' id='word_1_320' title='bbox 1600 2152 1611 2170; x_wconf 90' lang='lat'>‚</span> <span class='ocrx_word' id='word_1_321' title='bbox 1650 2131 1691 2160; x_wconf 90' lang='lat' dir='ltr'><strong>ut</strong></span> <span class='ocrx_word' id='word_1_322' title='bbox 1713 2124 1800 2160; x_wconf 89' lang='lat' dir='ltr'><strong>libri</strong></span> <span class='ocrx_word' id='word_1_323' title='bbox 1827 2125 1916 2158; x_wconf 84' lang='lat' dir='ltr'><strong>editi</strong></span> 
     </span>
    </p>
   </div>
   <div class='ocr_carea' id='block_1_8' title="bbox 177 2190 1911 2240">
    <p class='ocr_par' dir='ltr' id='par_1_9' title="bbox 177 2190 1911 2240">
     <span class='ocr_line' id='line_1_31' title="bbox 177 2190 1911 2240; baseline -0.002 -15"><span class='ocrx_word' id='word_1_324' title='bbox 177 2214 182 2219; x_wconf 90' lang='lat'><em>-</em></span> <span class='ocrx_word' id='word_1_325' title='bbox 235 2197 376 2225; x_wconf 85' lang='lat' dir='ltr'><strong>exeunt</strong></span> <span class='ocrx_word' id='word_1_326' title='bbox 399 2191 438 2225; x_wconf 89' lang='lat' dir='ltr'><strong>in</strong></span> <span class='ocrx_word' id='word_1_327' title='bbox 462 2190 596 2226; x_wconf 85' lang='lat' dir='ltr'><strong>verba:</strong></span> <span class='ocrx_word' id='word_1_328' title='bbox 623 2193 685 2228; x_wconf 83' lang='lat' dir='ltr'><strong>Ab</strong></span> <span class='ocrx_word' id='word_1_329' title='bbox 711 2204 768 2234; x_wconf 83' lang='lat' dir='ltr'><strong>ea,</strong></span> <span class='ocrx_word' id='word_1_330' title='bbox 793 2194 964 2239; x_wconf 77' lang='lat' dir='ltr'><strong>exceptis</strong></span> <span class='ocrx_word' id='word_1_331' title='bbox 989 2194 1125 2229; x_wconf 78' lang='lat' dir='ltr'><strong>Indiae</strong></span> <span class='ocrx_word' id='word_1_332' title='bbox 1140 2192 1352 2240; x_wconf 79' lang='lat' dir='ltr'><strong>fabulosis,</strong></span> <span class='ocrx_word' id='word_1_333' title='bbox 1376 2194 1552 2239; x_wconf 77' lang='lat' dir='ltr'><strong>proxime</strong></span> <span class='ocrx_word' id='word_1_334' title='bbox 1574 2191 1719 2237; x_wconf 77' lang='lat' dir='ltr'><strong>quidem</strong></span> <span class='ocrx_word' id='word_1_335' title='bbox 1731 2190 1911 2224; x_wconf 76' lang='lat' dir='ltr'><strong>duxerim</strong></span> 
     </span>
    </p>
   </div>
   <div class='ocr_carea' id='block_1_9' title="bbox 238 2252 1919 2627">
    <p class='ocr_par' dir='ltr' id='par_1_10' title="bbox 238 2252 1916 2433">
     <span class='ocr_line' id='line_1_32' title="bbox 241 2252 1915 2305; baseline -0.003 -15"><span class='ocrx_word' id='word_1_336' title='bbox 241 2254 494 2302; x_wconf 77' lang='lat' dir='ltr'><strong>Hispaniam,</strong></span> <span class='ocrx_word' id='word_1_337' title='bbox 529 2269 756 2305; x_wconf 81' lang='lat' dir='ltr'><strong>quacumque</strong></span> <span class='ocrx_word' id='word_1_338' title='bbox 781 2257 942 2294; x_wconf 81' lang='lat' dir='ltr'><strong>ambitur</strong></span> <span class='ocrx_word' id='word_1_339' title='bbox 967 2260 1082 2295; x_wconf 81' lang='lat' dir='ltr'><strong>mori.</strong></span> <span class='ocrx_word' id='word_1_340' title='bbox 1106 2275 1156 2284; x_wconf 88' lang='lat'><strong>·-·</strong></span> <span class='ocrx_word' id='word_1_341' title='bbox 1207 2255 1252 2291; x_wconf 91' lang='lat' dir='ltr'><strong>In</strong></span> <span class='ocrx_word' id='word_1_342' title='bbox 1276 2255 1427 2292; x_wconf 88' lang='lat' dir='ltr'><strong>illorum</strong></span> <span class='ocrx_word' id='word_1_343' title='bbox 1454 2255 1619 2291; x_wconf 86' lang='lat' dir='ltr'><strong>locorum</strong></span> <span class='ocrx_word' id='word_1_344' title='bbox 1646 2260 1777 2288; x_wconf 91' lang='lat' dir='ltr'><strong>neutro</strong></span> <span class='ocrx_word' id='word_1_345' title='bbox 1804 2252 1915 2287; x_wconf 83' lang='lat' dir='ltr'><strong>statui</strong></span> 
     </span>
     <span class='ocr_line' id='line_1_33' title="bbox 238 2316 1916 2366; baseline -0.003 -12"><span class='ocrx_word' id='word_1_346' title='bbox 238 2330 351 2364; x_wconf 90' lang='lat' dir='ltr'><strong>posse</strong></span> <span class='ocrx_word' id='word_1_347' title='bbox 386 2321 509 2365; x_wconf 88' lang='lat' dir='ltr'><strong>operis</strong></span> <span class='ocrx_word' id='word_1_348' title='bbox 544 2322 662 2357; x_wconf 86' lang='lat' dir='ltr'><strong>nostri</strong></span> <span class='ocrx_word' id='word_1_349' title='bbox 694 2320 828 2366; x_wconf 88' lang='lat' dir='ltr'><strong>finem,</strong></span> <span class='ocrx_word' id='word_1_350' title='bbox 869 2320 954 2357; x_wconf 89' lang='lat' dir='ltr'><strong>luce</strong></span> <span class='ocrx_word' id='word_1_351' title='bbox 985 2320 1121 2356; x_wconf 89' lang='lat' dir='ltr'><strong>clarius</strong></span> <span class='ocrx_word' id='word_1_352' title='bbox 1157 2327 1235 2364; x_wconf 86' lang='lat' dir='ltr'><strong>est,</strong></span> <span class='ocrx_word' id='word_1_353' title='bbox 1276 2332 1385 2366; x_wconf 90' lang='lat' dir='ltr'><strong>quum</strong></span> <span class='ocrx_word' id='word_1_354' title='bbox 1421 2320 1607 2355; x_wconf 84' lang='lat' dir='ltr'><strong>sententia</strong></span> <span class='ocrx_word' id='word_1_355' title='bbox 1631 2320 1669 2353; x_wconf 90' lang='lat' dir='ltr'><strong>in</strong></span> <span class='ocrx_word' id='word_1_356' title='bbox 1694 2318 1741 2352; x_wconf 91' lang='lat' dir='ltr'><strong>iis</strong></span> <span class='ocrx_word' id='word_1_357' title='bbox 1768 2328 1841 2351; x_wconf 90' lang='lat' dir='ltr'><strong>non</strong></span> <span class='ocrx_word' id='word_1_358' title='bbox 1867 2316 1916 2350; x_wconf 86' lang='lat' dir='ltr'><strong>sit</strong></span> 
     </span>
     <span class='ocr_line' id='line_1_34' title="bbox 239 2381 1556 2433; baseline 0 -15"><span class='ocrx_word' id='word_1_359' title='bbox 239 2381 433 2420; x_wconf 85' lang='lat' dir='ltr'><strong>absoluta:</strong></span> <span class='ocrx_word' id='word_1_360' title='bbox 461 2385 528 2420; x_wconf 90' lang='lat' dir='ltr'><strong>sed</strong></span> <span class='ocrx_word' id='word_1_361' title='bbox 552 2396 599 2420; x_wconf 90' lang='lat' dir='ltr'><strong>ne</strong></span> <span class='ocrx_word' id='word_1_362' title='bbox 625 2384 697 2420; x_wconf 87' lang='lat' dir='ltr'><strong>hoc</strong></span> <span class='ocrx_word' id='word_1_363' title='bbox 721 2385 852 2421; x_wconf 90' lang='lat' dir='ltr'><strong>ultimo</strong></span> <span class='ocrx_word' id='word_1_364' title='bbox 880 2386 1027 2433; x_wconf 87' lang='lat' dir='ltr'><strong>quidem</strong></span> <span class='ocrx_word' id='word_1_365' title='bbox 1048 2384 1086 2420; x_wconf 88' lang='lat' dir='ltr'><strong>id</strong></span> <span class='ocrx_word' id='word_1_366' title='bbox 1110 2383 1304 2420; x_wconf 85' lang='lat' dir='ltr'><strong>commode</strong></span> <span class='ocrx_word' id='word_1_367' title='bbox 1330 2384 1556 2419; x_wconf 87' lang='lat' dir='ltr'><strong>terminatur.</strong></span> 
     </span>
    </p>

    <p class='ocr_par' dir='ltr' id='par_1_11' title="bbox 240 2446 1919 2627">
     <span class='ocr_line' id='line_1_35' title="bbox 384 2446 1916 2498; baseline -0.003 -14"><span class='ocrx_word' id='word_1_368' title='bbox 384 2447 547 2485; x_wconf 87' lang='lat' dir='ltr'><strong>Plinium</strong></span> <span class='ocrx_word' id='word_1_369' title='bbox 574 2451 695 2494; x_wconf 90' lang='lat' dir='ltr'><strong>enim,</strong></span> <span class='ocrx_word' id='word_1_370' title='bbox 722 2450 783 2496; x_wconf 87' lang='lat' dir='ltr'><strong>qui</strong></span> <span class='ocrx_word' id='word_1_371' title='bbox 809 2449 928 2495; x_wconf 85' lang='lat' dir='ltr'><strong>alias,</strong></span> <span class='ocrx_word' id='word_1_372' title='bbox 953 2449 1018 2485; x_wconf 90' lang='lat' dir='ltr'><strong>ubi</strong></span> <span class='ocrx_word' id='word_1_373' title='bbox 1043 2448 1090 2485; x_wconf 89' lang='lat' dir='ltr'><strong>ad</strong></span> <span class='ocrx_word' id='word_1_374' title='bbox 1114 2461 1252 2485; x_wconf 89' lang='lat' dir='ltr'><strong>novum</strong></span> <span class='ocrx_word' id='word_1_375' title='bbox 1279 2454 1533 2498; x_wconf 85' lang='lat' dir='ltr'><strong>argumentum</strong></span> <span class='ocrx_word' id='word_1_376' title='bbox 1559 2446 1728 2490; x_wconf 84' lang='lat' dir='ltr'><strong>transiit,</strong></span> <span class='ocrx_word' id='word_1_377' title='bbox 1768 2457 1916 2490; x_wconf 85' lang='lat' dir='ltr'><strong>semper</strong></span> 
     </span>
     <span class='ocr_line' id='line_1_36' title="bbox 240 2510 1918 2560; baseline -0.001 -15"><span class='ocrx_word' id='word_1_378' title='bbox 240 2510 381 2558; x_wconf 89' lang='lat' dir='ltr'><strong>aliquid</strong></span> <span class='ocrx_word' id='word_1_379' title='bbox 408 2513 563 2558; x_wconf 87' lang='lat' dir='ltr'><strong>addidit,</strong></span> <span class='ocrx_word' id='word_1_380' title='bbox 590 2527 661 2560; x_wconf 91' lang='lat' dir='ltr'><strong>quo</strong></span> <span class='ocrx_word' id='word_1_381' title='bbox 688 2514 868 2550; x_wconf 89' lang='lat' dir='ltr'><strong>lectorem</strong></span> <span class='ocrx_word' id='word_1_382' title='bbox 895 2514 964 2550; x_wconf 87' lang='lat' dir='ltr'><strong>hac</strong></span> <span class='ocrx_word' id='word_1_383' title='bbox 990 2514 1036 2549; x_wconf 89' lang='lat' dir='ltr'><strong>de</strong></span> <span class='ocrx_word' id='word_1_384' title='bbox 1056 2526 1096 2549; x_wconf 90' lang='lat' dir='ltr'><strong>re</strong></span> <span class='ocrx_word' id='word_1_385' title='bbox 1123 2513 1353 2558; x_wconf 83' lang='lat' dir='ltr'><strong>admoneret,</strong></span> <span class='ocrx_word' id='word_1_386' title='bbox 1382 2515 1420 2548; x_wconf 90' lang='lat' dir='ltr'><strong>in</strong></span> <span class='ocrx_word' id='word_1_387' title='bbox 1448 2524 1559 2557; x_wconf 89' lang='lat' dir='ltr'><strong>opere</strong></span> <span class='ocrx_word' id='word_1_388' title='bbox 1585 2518 1753 2546; x_wconf 85' lang='lat' dir='ltr'><strong>extremo</strong></span> <span class='ocrx_word' id='word_1_389' title='bbox 1772 2521 1918 2556; x_wconf 88' lang='lat' dir='ltr'><strong>quoque</strong></span> 
     </span>
     <span class='ocr_line' id='line_1_37' title="bbox 240 2571 1919 2627; baseline -0.001 -17"><span class='ocrx_word' id='word_1_390' title='bbox 240 2575 317 2611; x_wconf 83' lang='lat' dir='ltr'><strong>tale</strong></span> <span class='ocrx_word' id='word_1_391' title='bbox 345 2576 430 2623; x_wconf 88' lang='lat' dir='ltr'><strong>quid</strong></span> <span class='ocrx_word' id='word_1_392' title='bbox 458 2579 661 2627; x_wconf 82' lang='lat' dir='ltr'><strong>adjecisse,</strong></span> <span class='ocrx_word' id='word_1_393' title='bbox 688 2592 759 2626; x_wconf 91' lang='lat' dir='ltr'><strong>quo</strong></span> <span class='ocrx_word' id='word_1_394' title='bbox 784 2578 891 2615; x_wconf 85' lang='lat' dir='ltr'><strong>illum</strong></span> <span class='ocrx_word' id='word_1_395' title='bbox 916 2578 1131 2622; x_wconf 85' lang='lat' dir='ltr'><strong>dimitteret,</strong></span> <span class='ocrx_word' id='word_1_396' title='bbox 1159 2577 1259 2613; x_wconf 85' lang='lat' dir='ltr'><strong>credi</strong></span> <span class='ocrx_word' id='word_1_397' title='bbox 1283 2590 1351 2623; x_wconf 86' lang='lat' dir='ltr'><strong>par</strong></span> <span class='ocrx_word' id='word_1_398' title='bbox 1377 2583 1447 2612; x_wconf 86' lang='lat' dir='ltr'><strong>est.</strong></span> <span class='ocrx_word' id='word_1_399' title='bbox 1498 2571 1603 2609; x_wconf 88' lang='lat' dir='ltr'><strong>Nihil</strong></span> <span class='ocrx_word' id='word_1_400' title='bbox 1627 2585 1718 2609; x_wconf 88' lang='lat' dir='ltr'><strong>vero</strong></span> <span class='ocrx_word' id='word_1_401' title='bbox 1743 2573 1919 2622; x_wconf 83' lang='lat' dir='ltr'><strong>legimus,</strong></span> 
     </span>
    </p>
   </div>
  </div>
 </body>
</html>
