2290 3201
975 244 1029 282 25

171 368 223 404 ad
244 366 477 415 spissandum
500 361 835 414 refrigerandumque
859 376 926 404 ese.
952 387 1001 395 ·-
1044 365 1136 403 Lib.
1162 365 1289 404 XXV.
1330 378 1411 415 cap.
1444 371 1479 406 7.
1513 368 1618 409 init.;
1666 374 1759 403 sect.
1786 370 1844 402 33.

166 432 214 467 υἱ
246 443 418 466 summa
450 434 490 466 in
523 428 796 479 refrigerando.
821 451 869 457 —
916 431 1005 467 Lib.
1040 430 1226 467 XXXIV.
1264 445 1344 477 cap.
1373 437 1431 468 15.
1463 434 1502 468 in
1528 433 1626 474 fine;
1667 441 1761 469 sect.
1785 436 1847 468 46.

166 498 326 532 maxbne
363 496 530 538 simili,
571 495 638 530 sed
667 496 861 533 acriore
894 498 962 540 vi,
999 508 1106 544 quam
1129 497 1273 545 rubigo,
1308 499 1362 541 (ut
1383 498 1464 545 jam
1491 497 1686 534 Pintianus
1712 496 1846 539 voluit,

171 561 233 608 qui
259 559 511 597 arbitrabatur
535 558 790 596 scribendum:
816 569 918 597 tanta
943 563 1002 604 υἱ,
1028 563 1096 604 ut),
1124 568 1348 596 commutato
1375 575 1457 597 cum
1484 575 1574 597 casu
1601 562 1781 605 ablativo,
1810 568 1847 595 et

170 637 219 660 ex
247 624 428 661 Gronovii
455 625 686 671 conjectura,
712 626 771 660 eui
798 627 1026 674 suffragatur
1050 623 1156 660 loeus
1182 625 1393 662 simillimus
1419 627 1508 662 Lib.
1523 625 1632 663 XVI.
1659 639 1741 671 cap.
1760 629 1844 665 34.;

168 698 262 725 sect.
295 694 355 726 62.
391 688 458 724 sub
492 689 558 725 fin.
591 690 759 736 quoniam
793 691 879 726 aliis
914 697 1048 727 tanta
1080 690 1280 725 amaritudo
1306 693 1458 734 acini,
1495 700 1544 726 ut
1571 704 1660 727 aves
1694 703 1766 724 non
1791 697 1847 723 ae-

170 758 334 804 tingane.
353 793 355 796 ,
373 765 440 801 pro
465 752 581 789 verbo
607 754 726 801 accipi
750 760 903 800 recepta
927 765 1021 789 voce
1045 745 1163 797 acini,
1202 756 1256 789 ita
1280 763 1320 789 ut
1344 756 1512 804 legatur:
1553 765 1656 791 tanta
1681 758 1721 789 υι·
1742 756 1848 795 acini,

170 829 230 855 ut:
255 819 371 863 nihil,
397 820 494 865 quod
522 820 712 864 offendat,
737 819 1035 865 relinquitur.—-
1057 817 1102 854 In
1127 818 1368 865 sequentibus
1394 820 1491 856 unde
1516 822 1553 856 in
1582 820 1699 857 libros
1727 820 1849 855 editos

167 885 314 922 venerit
337 882 453 920 illud:
483 885 546 932 qui
570 892 606 919 et
630 883 867 933 nicophoro-5,
894 883 1065 930 equidem
1091 885 1234 927 nescio,
1261 896 1370 930 quum
1395 886 1433 919 in
1459 885 1561 920 nullo
1589 898 1730 927 eorum,
1757 896 1849 929 quos

175 951 348 992 excussi,
384 948 552 983 codicum
577 947 675 983 Mss.
711 949 749 983 id
773 949 999 983 inveniatur.
1048 948 1225 984 Finitima
1251 950 1287 984 ei
1314 956 1372 984 est
1397 949 1507 997 Regii
1533 949 1564 985 I.
1590 949 1726 985 lectio:
1766 950 1851 996 quia

171 1014 411 1063 intoplzoros:
453 1011 518 1047 sed
545 1010 685 1059 Regius
711 1010 763 1047 II.
790 1010 944 1048 exhibet
983 1012 1047 1059 qui
1078 1013 1330 1059 autophoros,
1375 1011 1528 1047 Monac.
1555 1014 1616 1059 qai
1637 1022 1850 1060 antoporos‚

172 1080 301 1127 quibus
329 1077 473 1114 accedit
500 1075 788 1121 Chifflefianus,
816 1078 878 1123 qui
902 1076 1017 1111 habet
1049 1079 1112 1124 qai
1150 1078 1393 1125 athophoros.
1418 1098 1467 1103 -—-
1498 1076 1586 1112 Vox
1612 1078 1851 1123 nicophorus,

169 1144 249 1179 sive
286 1154 308 1177 a
341 1142 458 1190 virm,
492 1141 574 1176 sive
610 1152 630 1175 a
658 1143 786 1181 νεῖκος
812 1153 895 1177 eam
921 1140 1016 1177 velis
1044 1142 1273 1186 derivatam,
1312 1141 1453 1177 nullam
1484 1143 1523 1177 in
1550 1141 1679 1189 lingua
1707 1140 1851 1176 Graeca

174 1207 288 1243 habet
317 1206 591 1241 auctoritatem.
649 1204 770 1239 Priori
794 1204 852 1240 illi
877 1207 1014 1240 rationi
1039 1214 1235 1252 praeterea
1263 1207 1404 1250 officit,
1439 1207 1536 1252 quod
1565 1207 1610 1241 de
1638 1206 1751 1240 edera
1776 1206 1852 1251 qui-

171 1272 254 1308 dem
282 1270 441 1319 legimus
466 1268 553 1305 Lib.
572 1267 679 1305 XVI.
706 1281 788 1315 cap.
806 1272 872 1305 34.
894 1271 1000 1312 init.;
1029 1277 1120 1311 sect.
1147 1275 1206 1307 62.
1234 1271 1516 1307 Alexandrum.
1533 1296 1541 1305 .
1559 1296 1569 1305 .
1598 1272 1649 1305 ita
1674 1277 1854 1305 coronato

172 1338 341 1372 exercitu
372 1337 612 1370 victorem
644 1346 696 1368 ex
734 1334 840 1369 India
872 1336 1040 1371 rediisse:
1075 1334 1213 1370 smilax
1249 1347 1340 1370 vero
1376 1335 1509 1369 dicitur
1542 1334 1633 1369 ibid.
1661 1347 1743 1380 cap.
1771 1337 1852 1374 35„-

169 1407 263 1437 sect.
288 1403 349 1437 63.
390 1396 553 1445 infausta
579 1398 739 1433 omnibus
764 1401 884 1434 sacris
908 1404 947 1435 et
982 1400 1141 1434 coronis.
1210 1396 1320 1439 Quod
1356 1398 1604 1433 Dioscorides
1637 1399 1752 1433 refert
1787 1398 1853 1433 lib.

175 1464 242 1502 IV.
277 1477 358 1510 cap.
397 1467 479 1499 142.
506 1466 639 1507 (1440,
676 1462 870 1498 smilacem
904 1475 1076 1509 asperam
1103 1476 1125 1498 a
1162 1462 1354 1498 nonnullis
1386 1463 1515 1497 vocari
1554 1461 1777 1510 ἀνίκητον,
1818 1463 1854 1498 id

172 1542 282 1565 nemo
309 1529 443 1564 afferet
467 1527 514 1562 ad
540 1526 741 1563 lectionem
767 1526 875 1563 illam
900 1527 1203 1564 sustentandam:
1230 1528 1354 1573 potius
1381 1528 1481 1562 enim
1507 1535 1657 1573 propter
1673 1539 1732 1572 ea,
1762 1540 1855 1574 quae

170 1594 223 1630 ibi
249 1588 456 1636 adduntur,
495 1587 800 1640 παραδέδοται,
828 1591 893 1627 ὅτι
931 1591 1000 1627 ε’ᾰν
1026 1605 1082 1631 τις
1108 1591 1315 1641 α’ρτιγενεῖ
1336 1588 1489 1636 παιδίῳ
1519 1592 1671 1641 τρίψας
1696 1606 1733 1628 τι
1761 1592 1856 1628 τού-

170 1674 256 1697 των
277 1655 473 1707 δῷπιεῖν,
500 1653 806 1698 ύπόιίδενός
831 1653 1168 1707 δῃλῃτῃρίου
1196 1657 1483 1709 φαρμάκου
1509 1655 1857 1706 βλαβήσεται,

179 1725 250 1761 hoc
276 1735 484 1773 cognomen
511 1724 546 1757 ei
577 1722 703 1758 datum
729 1735 814 1758 esse
848 1724 1050 1769 putandum
1076 1725 1168 1758 erit:
1202 1724 1255 1758 ita
1280 1730 1322 1758 ut
1346 1723 1552 1772 significet:
1592 1724 1727 1769 „cujus
1754 1724 1809 1758 vis
1837 1736 1858 1758 a

173 1789 278 1825 nullo
305 1800 452 1823 veneno
480 1791 717 1833 superatur.“
767 1787 906 1823 Libros
934 1789 1047 1836 igitur
1073 1787 1171 1824 Mss.
1200 1800 1385 1834 sequens,
1426 1789 1533 1837 lego:
1573 1790 1637 1837 qui
1657 1788 1858 1835 anthopho-

172 1865 258 1889 ros.-
296 1853 335 1888 id
372 1852 470 1898 quod
506 1852 620 1887 etiam
655 1864 677 1887 a
715 1851 941 1888 Dioscorida
978 1853 1279 1897 commendatur,
1325 1854 1386 1899 qui
1421 1852 1447 1888 l.
1474 1852 1501 1888 l.
1529 1854 1641 1888 tradit
1668 1853 1858 1888 smilacem

178 1929 354 1964 asperam
380 1929 402 1951 a
429 1915 648 1962 quibusdam
676 1917 805 1951 vocari
829 1915 1129 1958 λευκάνθεμον,
1170 1924 1206 1952 et
1232 1929 1314 1962 cap.
1342 1929 1422 1962 seq.
1450 1918 1562 1952 etiam
1590 1918 1732 1953 smilaci
1758 1918 1857 1953 laevi

175 1984 266 2020 dicit
294 1994 379 2019 esse
404 1980 513 2029 ἄνθη
539 1981 689 2024 λευκά,
723 1981 861 2018 πολλά
889 1980 995 2016 aava*
1020 1981 1161 2017 πᾶσαν
1186 1980 1264 2030 τήν
1292 1981 1491 2023 σμίλακα.
1552 1981 1722 2017 Forsitan
1758 1982 1856 2028 quis-

174 2050 274 2095 piam
309 2047 511 2084 lectionem
537 2045 634 2082 hanc
658 2048 828 2093 recipere
863 2045 1090 2083 dubitaverit
1115 2054 1266 2093 propter
1292 2059 1410 2095 genus
1438 2046 1681 2082 masculinum
1707 2048 1745 2081 in
1771 2060 1855 2092 pro-

174 2113 325 2148 nomine
350 2112 431 2159 qui,
459 2112 633 2157 quoniam
659 2110 865 2155 smilacem,
891 2118 931 2146 ut
955 2112 993 2146 in
1018 2110 1179 2156 Graeca,
1218 2113 1271 2146 ita
1297 2113 1336 2146 in
1363 2112 1501 2147 Latina
1527 2112 1655 2159 lingua
1682 2124 1765 2147 esse
1792 2125 1856 2159 ge-

173 2179 274 2215 neris
313 2177 484 2213 feminini
519 2176 743 2225 intelligitur
769 2189 817 2212 ex
842 2174 930 2213 libri
954 2174 1063 2212 XVI.
1092 2175 1200 2222 loco,
1229 2189 1337 2224 quem
1365 2189 1473 2223 supra
1501 2174 1631 2221 attuli,
1659 2183 1695 2211 et
1723 2189 1770 2212 ex
1796 2177 1855 2221 iis,

174 2254 270 2290 quae
285 2243 324 2277 in
344 2240 416 2276 hac
432 2242 514 2286 ipsa
530 2242 698 2275 sectione
714 2241 812 2275 infra
827 2241 1017 2288 leguntur:
1049 2243 1196 2277 Illam
1212 2255 1292 2278 esse
1308 2244 1485 2276 smilacem
1497 2245 1683 2286 priorem.
1710 2241 1759 2276 At
1774 2241 1856 2276 her-

173 2307 304 2343 barum
338 2305 549 2343 nominibus
587 2307 657 2351 iis,
695 2320 789 2354 quae
816 2312 900 2342 sunt
925 2306 1073 2355 generis
1105 2307 1293 2352 neutrius,
1336 2306 1522 2354 adjectiva
1549 2304 1610 2340 vel
1637 2305 1857 2352 pronomina

175 2371 430 2421 adjunguntur
455 2369 567 2405 modo
594 2370 715 2405 forma
741 2371 891 2419 generis
914 2372 1106 2413 neutrius,
1142 2378 1182 2405 ut
1215 2372 1302 2406 Lib.
1329 2370 1476 2406 XXVI.
1504 2384 1586 2415 cap.
1614 2374 1648 2405 8.
1675 2371 1742 2405 sub
1769 2371 1855 2411 fin.;

175 2444 269 2471 sect.
298 2440 357 2472 54.
408 2437 485 2487 Est>
503 2435 604 2469 aliud
626 2435 923 2482 hypericon,
948 2437 1071 2483 quod
1096 2436 1160 2471 alii
1180 2438 1283 2472 corin
1308 2435 1506 2483 appellant.
1532 2455 1580 2460 ——
1606 2443 1641 2470 et
1658 2434 1748 2471 ibid.
1777 2448 1858 2481 cap.

177 2504 235 2537 11.
270 2499 337 2535 sub
376 2498 465 2541 fin.;
509 2504 601 2535 sect.
634 2500 694 2536 73.
730 2511 853 2536 semen
892 2501 1147 2549 hyperici,
1180 2502 1302 2547 qaod
1333 2501 1429 2534 coris
1467 2500 1693 2546 appellatur:
1733 2502 1860 2544 modo,

177 2563 378 2600 subaudita
417 2577 510 2599 voce
551 2564 667 2599 herba
706 2568 818 2609 (quae
845 2567 1029 2601 interdum
1060 2566 1225 2609 additur,
1265 2566 1312 2600 cf.
1341 2564 1428 2599 Lib,
1455 2563 1624 2600 XXVII.
1651 2574 1736 2612 post
1763 2566 1861 2601 med.
