2290 3201
974 226 1028 263 27

165 344 345 380 otiosum:
385 346 443 381 sin
478 345 740 388 conferamus,
782 355 877 390 quac
913 345 959 381 de
995 359 1110 383 acoro
1135 348 1226 383 dicit
1250 349 1496 388 Dioscorides
1522 353 1609 390 Lib.
1638 352 1670 390 1.
1698 366 1781 399 cap.
1808 359 1844 390 2.

162 407 388 449 πινόμενον
422 404 463 444 δὲ
490 407 696 458 α’φέψῃμα
722 407 859 444 αὐτοῦ
883 404 995 458 οὖρα
1022 413 1133 455 κινεῖ,
1160 411 1356 459 α’ρμόέον
1381 414 1483 462 πρός
1507 416 1685 466 πλευρᾶς
1709 417 1845 454 πόνον

163 472 375 522 καὶθώρ
391 485 517 514 ακος
540 471 612 509 καὶ
635 471 851 522 ἤπατος,
889 473 1084 524 ςρόφους,
1122 475 1341 526 ῥήγματα,
1367 479 1612 524 σπάσματα,
1638 482 1733 518 illud
1760 484 1845 519 tho-

164 539 250 574 racz·
272 537 444 573 videatur
471 537 584 573 etiam
609 538 656 573 ad
680 550 824 575 acoron
847 539 1108 584 referendum,
1133 541 1293 588 ideoque
1319 541 1519 591 legendum
1546 558 1653 583 esse:
1681 550 1842 585 Acoron

162 601 325 652 iocineri
350 603 521 639 medetur
545 610 583 639 et
605 602 756 639 thoraci
765 617 778 637 .-
816 603 966 639 thoraci
988 614 1129 651 qaoque
1153 610 1191 641 et
1211 609 1453 652 praecordiis
1478 610 1653 645 daucum:
1679 612 1716 646 id
1745 615 1842 658 quod

166 667 351 713 quandam
376 667 456 702 veri
481 665 596 703 babet
619 668 797 713 speciem,
825 668 926 715 quia,
952 667 986 703 si
1001 667 1055 704 ita
1072 666 1132 705 hic
1144 668 1249 706 locus
1269 670 1404 707 fuisset
1420 674 1658 719 constitutus,
1678 674 1836 713 alterum

164 726 315 767 thoraci
336 729 451 766 facile
480 730 656 766 excidere
681 732 848 776 potuisse
872 732 996 777 patet:
1016 731 1084 766 sed
1104 731 1252 776 planior
1271 733 1368 770 hanc
1388 736 1649 774 difficultatem
1669 740 1839 775 solvendi

165 795 228 830 via
255 792 362 829 nobis
389 801 617 831 monstratur
642 808 664 832 a
690 795 880 832 codicibus
904 794 1002 832 Mss.
1032 794 1150 844 Regio
1170 795 1237 843 ΙΙ.,
1265 797 1512 836 Riccardiano
1541 808 1578 836 et
1606 799 1843 848 Monacensi‚

167 859 301 905 quippe
327 859 389 906 qui
416 871 491 895 non
518 858 690 896 habeant
706 859 927 907 particulam
953 872 1126 909 quoque,
1153 875 1226 909 qua
1247 865 1387 899 omissa
1401 875 1522 900 sermo
1540 865 1636 900 bene
1653 869 1842 912 procedit:

166 925 324 960 Acoron
340 925 508 970 iocineri
530 926 729 961 medetur.-
757 926 914 962 thoraci
929 930 970 962 et
986 929 1228 973 praecordiis
1245 929 1430 964 daucum.
1467 927 1635 965 Molesta
1654 932 1844 968 enimvero

165 987 235 1023 illa
259 989 363 1023 vocis
388 988 544 1025 thoraci
567 989 741 1034 repetitio
767 1001 813 1025 co
839 990 961 1026 minus
987 991 1208 1027 necessaria
1234 997 1305 1035 est,
1333 990 1430 1038 quod
1456 1002 1523 1026 nec
1551 998 1676 1030 cetera
1698 996 1844 1042 quidem

165 1050 258 1095 illa,
298 1064 393 1098 quae
427 1051 674 1089 Dioscorides
715 1054 870 1101 adjicit,
918 1053 1095 1102 πλευρᾶς
1126 1053 1286 1097 πόνον,
1333 1052 1531 1102 ςρόφους,
1577 1054 1772 1107 ῥήγματα
1811 1070 1845 1095 et

168 1114 413 1159 σπάσματα,
440 1124 704 1153 commemorat
732 1124 872 1154 noster.

310 1182 433 1219 Simili
457 1184 567 1220 modo
594 1197 670 1221 vox
696 1185 809 1234 vulgo
835 1186 977 1221 omissa
1001 1185 1215 1220 revocanda
1243 1192 1301 1221 est
1326 1186 1365 1221 in
1394 1185 1465 1221 hoc
1493 1185 1604 1223 loco:

359 1249 447 1285 Lib.
473 1249 621 1286 XXVI.
649 1258 733 1297 post
757 1250 854 1287 med.
885 1262 966 1297 cap.
996 1254 1077 1293 11.;
1105 1257 1198 1287 sect.
1226 1251 1286 1287 73.

314 1315 565 1362 Τίίὴγνηαῑαε
610 1316 816 1352 characias
851 1315 1087 1363 hydropicos
1119 1319 1261 1357 sanat,
1299 1317 1489 1365 plantago
1525 1317 1569 1351 in
1609 1319 1714 1359 cibo,
1758 1330 1849 1353 cum

260 1379 370 1424 prius
393 1392 532 1424 panem
555 1383 700 1415 siccum
725 1382 878 1416 ederint
901 1382 987 1417 sinc
1010 1385 1128 1427 potu.-
1168 1380 1377 1416 Vettonica
1402 1380 1603 1417 drachmis
1628 1383 1782 1417 duabus
1808 1384 1847 1416 in

259 1443 407 1481 duobus
431 1443 588 1493 cyathis
610 1444 691 1481 vini
714 1448 781 1481 aut
798 1444 937 1481 mulsi:

167 1508 204 1542 in
245 1520 316 1554 quo
350 1518 443 1560 ‚ante
479 1521 611 1545 vocem
642 1513 833 1559 plantago
859 1508 1008 1544 codices
1035 1507 1139 1543 Riec.
1168 1516 1205 1543 et
1230 1507 1323 1555 Reg.
1351 1505 1402 1542 II.
1431 1505 1612 1543 exhibent
1641 1506 1847 1555 phanacis,

167 1571 322 1609 Monac.
343 1575 528 1620 panacis.-
555 1573 653 1621 quod
677 1573 844 1622 corrigas
870 1573 931 1608 in:
952 1582 1136 1619 panaces.
1190 1569 1283 1606 Cum
1308 1569 1379 1606 hac
1407 1570 1505 1604 enim
1532 1569 1649 1605 herba
1669 1577 1847 1616 tanquam

169 1636 301 1673 eadem
334 1637 396 1673 vel
430 1637 569 1673 similia
600 1638 767 1674 remedia
792 1635 1020 1672 exhibentes
1052 1637 1203 1681 saepius
1231 1638 1509 1682 conjunguntur
1535 1647 1557 1669 a
1584 1642 1712 1670 nostro
1735 1637 1846 1681 plan-

166 1703 323 1750 tago⁴et
348 1705 578 1746 Vettonica,
603 1711 644 1738 ut
667 1703 754 1739 Lib.
779 1699 906 1739 XXV.
934 1708 1021 1737 ante
1047 1699 1145 1736 med.
1175 1711 1256 1746 cap.
1287 1701 1368 1740 13.;
1404 1705 1497 1734 sect.
1527 1702 1609 1735 105.
1661 1699 1848 1735 Dentibus

166 1767 337 1805 remedio
375 1772 469 1804 sunt
500 1768 709 1816 panacis
738 1769 857 1805 radix
891 1769 1219 1805 commanducata
1246 1794 1255 1803 .
1285 1792 1295 1802 .
1323 1793 1332 1802 .
1376 1769 1772 1805 Commanducantur
1811 1775 1847 1804 et

163 1833 484 1881 plantaginis
518 1834 678 1870 radices.
702 1852 751 1859 —-
798 1833 887 1868 Lib.
913 1832 1061 1870 XXVI.
1089 1839 1174 1879 post
1199 1831 1298 1868 med.
1325 1844 1407 1878 cap.
1438 1835 1496 1873 8.;
1537 1838 1630 1868 sect.
1656 1834 1717 1868 47.
1750 1833 1841 1868 Tor-

165 1899 267 1933 mina
300 1897 454 1933 discutit
487 1898 756 1946 quodcumque
787 1909 1035 1946 panaces,
1061 1903 1099 1933 et
1124 1898 1399 1932 Vettonica
1427 1922 1437 1932 .
1462 1922 1473 1933 .
1499 1923 1508 1931 .
1537 1904 1574 1930 et
1599 1898 1845 1945 Plantago

168 1973 286 1996 mane
309 1965 478 2007 sumpta.
505 1981 554 1987 ——
577 1961 668 1997 ibid.
692 1974 776 2007 cap.
804 1965 841 1998 9.
862 1963 972 2004 init-3
998 1970 1090 1998 sect.
1118 1965 1176 1998 59.
1207 1961 1344 1998 Panos
1369 1965 1483 1997 sanat
1505 1973 1599 2007 pan
1614 1972 1726 1997 aces
1755 1973 1842 1996 cum

168 2027 300 2061 melle:
322 2026 569 2076 plantago
595 2039 686 2063 cum
712 2027 802 2062 sale.
827 2046 878 2056 —
901 2024 992 2062 ibid.
1019 2032 1109 2061 ante
1136 2024 1233 2060 med„
1261 2037 1342 2071 cap.
1372 2028 1453 2065 11.;
1482 2031 1572 2059 sect.
1592 2027 1650 2059 67.
1678 2025 1743 2058 Ad
1766 2037 1845 2059 om-

167 2101 237 2126 nes
268 2101 360 2126 vcro
395 2092 569 2137 corporis
595 2091 747 2126 dolores
771 2089 990 2132 (remedium
1015 2100 1209 2124 connmune
1234 2090 1385 2123 invenio
1408 2090 1644 2135 panacis)
1687 2101 1849 2124 succum

165 2166 188 2190 e
211 2156 385 2190 scordio:
423 2157 518 2191 item
544 2157 867 2192 Vettonicae.
893 2174 943 2182 —-
985 2165 1067 2199 cap.
1103 2152 1211 2196 eod.;
1250 2160 1344 2190 sect.
1371 2156 1429 2190 71.
1469 2153 1625 2188 Bibitur
1650 2156 1689 2189 et
1713 2164 1844 2189 semen

166 2218 343 2266 hyperici
367 2221 565 2267 utriusque
590 2222 632 2256 in
656 2221 851 2267 quartanis
874 2222 912 2255 et
936 2218 1174 2256 horroribus.
1226 2220 1272 2253 V
1275 2220 1439 2254 ettoni
1452 2229 1529 2252 cae
1549 2215 1709 2264 farina,
1744 2231 1845 2263 quae

167 2295 304 2320 omncs
328 2283 512 2320 horrores
536 2290 696 2321 coercet.
744 2284 847 2322 Item
868 2275 1099 2330 panaces.
1126 2301 1176 2310 —-
1201 2294 1282 2328 cap.
1311 2281 1417 2322 eod.;
1461 2287 1553 2316 sect.
1580 2283 1639 2317 72.
1670 2282 1844 2318 Carbun-

165 2349 275 2383 culos
311 2351 451 2394 rumpit
483 2361 718 2394 panaces.
782 2350 906 2385 Sanat
945 2349 1244 2385 Vettonicae
1273 2345 1408 2394 farina
1443 2359 1495 2382 ex
1530 2360 1635 2394 aqua
1661 2374 1669 2383 .
1700 2373 1708 2380 .
1737 2373 1747 2383 .
1786 2351 1848 2384 vel

162 2414 411 2461 plantago
446 2420 537 2448 tusa.
570 2431 619 2438 -
669 2410 761 2448 ibid.
798 2424 880 2458 cap.
918 2416 975 2449 13.
1012 2411 1131 2453 med.;
1179 2418 1273 2446 sect.
1311 2415 1368 2447 85.
1418 2413 1549 2457 Raptis
1585 2413 1849 2458 convulsisque

165 2474 375 2521 (probatur)
400 2500 410 2509 .
439 2500 448 2510 .
477 2500 487 2510 .
513 2488 647 2512 succus
675 2477 965 2513 Vettonicae
990 2502 1001 2511 .
1028 2503 1038 2513 .
1064 2504 1074 2514 .
1094 2488 1390 2522 panaces.—-
1416 2487 1497 2520 cap.
1527 2479 1584 2511 14.
1616 2475 1721 2517 init.;
1754 2483 1847 2511 sect.

167 2543 226 2577 87.
263 2540 488 2577 Panacis
522 2542 906 2590 omnium-generum
929 2542 1047 2577 radix
1074 2552 1125 2575 ex
1147 2541 1238 2575 vino
1265 2540 1382 2575 calido
1410 2541 1573 2575 illinitur
1599 2541 1850 2575 manantibus

1311 2607 1333 2637 4
1347 2603 1364 2619 ἱ
