2290 3201
981 318 1033 363 19

162 437 347 475 Conferat
382 438 428 474 de
454 450 500 474 ea
526 437 702 474 Salmasii
725 437 906 474 Exercitt.
933 437 1059 474 Plinn.
1086 439 1134 474 ad
1160 438 1281 474 Solin.
1311 452 1392 486 cap.
1431 444 1514 482 27.;
1557 456 1592 488 p.
1620 445 1704 477 244.
1735 442 1769 477 b.
1798 443 1843 479 G.

160 504 238 546 (ed.
275 502 384 550 Ttaj.
420 505 545 546 1689.)
603 501 683 546 „ln
717 509 825 538 aceto
862 511 899 538 et
924 503 1045 539 muria
1069 502 1117 538 to*
1145 502 1321 539 εὔτονον
1361 503 1432 540 καὶ
1468 504 1514 541 τό
1555 501 1685 553 δριμύ
1715 507 1846 544 Latini

161 574 299 604 vocant
325 567 485 603 durum
512 592 522 602 .
550 591 560 601 .
589 592 598 601 .
641 565 704 603 Sic
730 566 845 604 dura
869 567 1057 611 muria,
1085 566 1110 614 η’
1140 562 1303 615 δριμεῖα
1332 567 1470 616 ἅλμη,
1498 570 1680 605 acerrima
1707 578 1744 605 et
1769 571 1845 607 sal-

161 634 326 668 sissima.
339 636 365 655 “
424 631 590 668 Verbum
623 645 843 683 respergere
876 646 944 679 per
975 645 1017 668 se
1052 645 1125 668 non
1161 632 1338 676 offendit,
1375 637 1479 678 (nam
1506 641 1545 668 ut
1570 636 1720 680 saepius
1748 637 1846 682 apud

162 703 343 741 nostrum,
369 696 424 732 ita
448 697 488 732 in
514 697 684 743 sequenti
709 698 876 733 sectione
904 696 943 732 id
968 694 1127 744 legimus
1151 696 1190 730 in
1217 696 1366 732 verbis:
1394 699 1467 733 alii
1489 700 1552 745 qui
1578 699 1715 734 lentem
1737 705 1845 736 aceto

162 763 404 808 laserpiciato
430 764 777 810 respergant):
804 761 872 798 sed
897 773 1008 807 quum
1030 773 1189 808 sparsus
1215 762 1364 807 propius
1393 762 1440 798 ad
1465 762 1505 798 id
1532 762 1711 808 accedat,
1748 766 1844 811 quod

160 825 248 861 libri
274 824 371 861 Mss.
408 823 609 869 exhibent,
651 837 761 861 nemo
799 837 874 860 non
907 823 979 860 hoc
1006 825 1158 861 verbum
1183 825 1345 871 simplex
1370 826 1430 862 hic
1456 827 1677 873 praetulerit
1694 855 1705 873 ,
1747 832 1844 876 quod

161 888 296 924 eadem
328 889 474 924 ratione
511 888 608 934 alias
643 900 665 923 a
700 895 829 923 nostro
861 895 1081 933 usurpatur,
1122 897 1183 925 ut:
1218 890 1306 924 Lib.
1333 890 1445 926 XIII.
1474 904 1556 936 cap.
1584 895 1642 932 3.;
1681 901 1775 928 sect.
1803 900 1840 930 4.

158 954 335 1002 spargi
353 956 520 999 parietes
547 955 785 1004 balinearum
810 957 1082 1000 unguento.
1107 973 1155 979 —
1204 953 1293 989 Lib.
1318 953 1446 991 XVII.
1476 967 1556 1001 cap.
1586 959 1646 992 27.
1674 958 1712 993 in
1739 957 1840 1000 fine;

159 1024 253 1053 sect.
288 1020 349 1055 47.
386 1018 577 1054 cacumina
613 1019 792 1064 spargi
823 1018 938 1052 vino
975 1018 1098 1052 lasere
1134 1019 1263 1054 diluto.
1300 1038 1347 1043 —
1397 1019 1484 1054 Lib.
1509 1019 1620 1055 XXI.
1649 1034 1731 1067 cap.
1759 1027 1840 1064 27..-

162 1087 259 1116 sect.
285 1084 345 1117 99.
395 1081 605 1117 Eadem...
633 1092 811 1127 sparsa
837 1083 954 1116 vino
978 1089 1142 1117 tumores
1167 1076 1358 1117 sichon—
1406 1082 1494 1118 Lib.
1520 1082 1646 1120 XXV.
1674 1098 1755 1131 cap.
1787 1091 1842 1124 13.

138 1141 198 1180 'in
235 1145 331 1187 fine3
375 1153 470 1181 sect.
507 1149 589 1181 110.
625 1147 742 1182 vino
773 1150 918 1182 vetusto
957 1157 1148 1193 sparsa.
1173 1166 1221 1173 —-
1261 1152 1299 1181 et
1324 1144 1412 1196 Lib.
1438 1144 1624 1183 XXXIV.
1652 1162 1733 1196 cap.
1764 1155 1840 1187 1'1.:

157 1216 250 1246 sect.
277 1212 336 1246 26.
387 1210 469 1245 Alii
490 1210 704 1245 delimatam
729 1212 831 1246 aeris
854 1211 1000 1245 scobem
1024 1216 1168 1246 aceto
1193 1223 1213 1246 s
1221 1216 1461 1260 purgant.

350 1273 438 1309 Lib.
463 1273 611 1310 XVIII.
639 1286 721 1319 cap.
747 1278 832 1315 32.;
861 1281 953 1309 sect.
982 1278 1042 1310 75.

301 1339 428 1388 Supra
464 1345 609 1377 terram
640 1342 769 1374 autem
799 1339 871 1374 erit
896 1337 1038 1384 (Luna)
1063 1338 1247 1387 quamdiu
1271 1342 1309 1374 et
1335 1338 1402 1375 Sol
1425 1339 1630 1376 interlunio
1658 1349 1694 1376 et
1718 1344 1844 1388 prima

252 1408 334 1440 tota
358 1406 439 1439 die.-
464 1404 629 1439 secanda
654 1405 802 1438 horae
827 1406 971 1439 unias
996 1406 1182 1441 dextante
1203 1404 1356 1439 sicilico.

156 1468 230 1504 Pro
262 1467 330 1504 illo
367 1469 485 1505 horae
519 1480 626 1504 umas
664 1465 901 1503 scribendum
936 1474 995 1504 est
1028 1468 1145 1504 horae
1179 1468 1299 1503 noctis
1324 1468 1456 1509 unius,
1491 1467 1684 1516 flagitante
1711 1480 1838 1513 sensu,

157 1534 377 1580 praesertim
413 1545 523 1579 quum
557 1539 595 1567 et
627 1533 666 1566 in
700 1531 1009 1567 antecedentibus
1036 1532 1198 1568 dicatur:
1244 1533 1400 1583 Quoties
1426 1557 1435 1566 .
1467 1558 1477 1567 .
1507 1558 1516 1567 .
1540 1534 1729 1578 prioribus
1756 1560 1764 1568 .
1792 1560 1802 1569 .
1830 1561 1838 1569 .

155 1600 324 1634 noctis
350 1598 456 1634 horis
482 1597 636 1640 lacebit,
663 1608 834 1633 crescens
859 1596 950 1641 erit,
1003 1603 1058 1633 et:
1090 1599 1243 1647 Quoties
1269 1622 1278 1632 .
1308 1622 1317 1632 .
1347 1622 1356 1632 .
1384 1597 1598 1644 prioribus.
1615 1623 1647 1633 ..
1676 1602 1841 1635 noctis

94 1658 96 1660 ’
155 1663 261 1699 horis
285 1661 451 1698 detrahet
474 1662 614 1705 lamen,
640 1686 649 1695 .
678 1686 688 1696 .
717 1686 727 1696 .
753 1662 972 1698 decrescens
996 1664 1092 1703 erit,
1131 1669 1168 1696 et
1189 1662 1228 1696 in
1256 1662 1517 1707 sequentibus:
1544 1664 1703 1699 Decima
1727 1671 1841 1701 sexta

152 1728 205 1764 ad
238 1731 422 1776 primae
460 1727 606 1763 horae
642 1732 918 1763 nocturnae
958 1727 1180 1762 dextantem
1219 1725 1394 1762 sicilicum
1430 1726 1495 1762 sub
1537 1735 1643 1763 terra
1673 1733 1770 1777 aget.
1794 1748 1841 1754 —

155 1791 199 1828 In
225 1792 464 1838 Dalecampii
498 1790 658 1838 aliisque
696 1789 923 1828 editionibus
948 1803 1025 1826 vox
1051 1793 1175 1828 noctis
1201 1789 1357 1839 legitur:
1398 1789 1484 1826 libri
1512 1789 1610 1826 Mss.
1639 1791 1840 1827 exhibent:

155 1857 250 1906 Reg.
276 1855 328 1892 ΙΙ.
364 1857 459 1892 hora
484 1858 606 1891 noctis
630 1857 742 1891 unias
765 1856 945 1891 distantes
977 1858 1102 1898 illico,
1150 1854 1238 1891 Vat.
1267 1856 1363 1891 hora
1392 1859 1513 1891 noctis
1542 1857 1655 1892 unius
1680 1858 1842 1894 distante

152 1925 317 1966 sicilico,
351 1921 505 1957 Monac.
530 1920 628 1957 hora
654 1921 773 1958 noctis
797 1923 913 1957 unius
937 1925 1102 1957 testante
1127 1922 1260 1963 silico,
1301 1921 1355 1956 ita
1382 1926 1439 1964 ut,
1486 1921 1547 1966 qui
1574 1933 1656 1956 eam
1685 1921 1842 1964 omittat,

155 1985 248 2022 nihil
283 1985 443 2029 habeat,
481 1996 553 2032 quo
587 1985 782 2020 innitatur.
845 1983 976 2020 Nihilo
1010 1992 1136 2020 tamen
1169 1986 1291 2020 minus
1319 1983 1514 2020 Broterius
1543 1987 1716 2020 vitiosam
1745 1984 1839 2020 hanc

155 2051 359 2087 lectionem
385 2061 434 2085 ex
459 2048 647 2085 Harduini
672 2048 837 2084 editione
861 2049 902 2084 in
927 2062 1034 2085 suam
1060 2048 1261 2085 transtulit.

346 2115 437 2153 Lib.
461 2114 572 2154 XIX.
599 2128 681 2161 cap.
707 2118 764 2157 6.;
797 2122 890 2151 sect.
918 2118 977 2153 34.
1003 2116 1042 2152 in
1066 2116 1155 2153 fine.

297 2181 439 2218 Allium
463 2189 518 2217 est
541 2190 577 2217 et
600 2183 641 2216 in
665 2183 770 2215 arvis
796 2189 930 2227 sponte
956 2172 1142 2223 nascens,
1166 2183 1265 2216 alam
1293 2180 1366 2215 hoc
1393 2188 1550 2215 vocant:
1585 2179 1684 2223 quod
1706 2179 1837 2214 adver-

247 2258 315 2283 sus
339 2247 620 2294 improbitatem
647 2247 775 2282 alitum
799 2244 1072 2292 depascentium
1094 2248 1239 2284 semina
1263 2252 1429 2287 coctum,
1458 2254 1506 2279 ne
1530 2244 1682 2278 renasci
1706 2244 1839 2289 possit,

247 2312 445 2358 abjicitur.-
469 2313 669 2358 statimque
693 2323 788 2358 qaae
813 2311 1043 2347 devoravere
1066 2324 1170 2356 aves,
1196 2315 1388 2357 stupentes
1412 2321 1522 2344 manu
1548 2311 1771 2354 capiuntur:
1802 2315 1837 2342 et

250 2378 291 2411 si
312 2376 509 2421 paulum
533 2388 842 2417 commovere,
866 2378 1029 2422 sopitae.

157 2438 361 2489 Vulgatam
385 2435 626 2485 lectionem,'
649 2449 685 2476 et
707 2443 742 2477 si
765 2433 1181 2489 paulam-commovere,
1227 2439 1317 2476 ferri
1343 2448 1417 2472 non
1444 2447 1556 2482 posse
1592 2441 1765 2481 apparet:
1805 2435 1836 2469 si

153 2506 253 2543 enim
270 2517 375 2550 aves,
402 2516 496 2552 quae
518 2503 648 2540 allium
675 2505 991 2549 devoravere,
1017 2516 1091 2539 non
1114 2506 1186 2539 nisi
1212 2510 1464 2549 stupentes
1492 2512 1604 2536 manu
1628 2500 1836 2544 capiuntur,

151 2585 235 2616 eae,
262 2583 357 2618 quae
382 2572 422 2606 id
446 2570 598 2616 paulum
626 2583 937 2615 commovere,
967 2582 1042 2606 non
1066 2576 1223 2616 possunt
1249 2567 1416 2615 sopiri,
1446 2577 1556 2612 quum
1583 2564 1629 2600 ad
1656 2563 1726 2600 hoc
1754 2562 1836 2599 effi-

152 2637 325 2674 ciendum
349 2634 629 2672 vehementiore
655 2634 880 2681 impulsione
907 2647 999 2682 opus
1026 2636 1091 2671 sit:
1120 2642 1196 2671 tum
1222 2635 1348 2677 etiam,
1374 2632 1406 2666 si
1432 2630 1570 2680 legitur
1596 2642 1837 2672 commovere,

1269 2698 1319 2735 3*
