2290 3201
992 244 1047 293 29

182 367 296 410 liam,
320 365 360 402 in
384 362 504 414 Regio
529 361 581 402 11.
609 371 647 401 et
670 365 710 402 in
735 361 947 403 vossiano:
975 368 1170 413 ostiliani,
1195 367 1234 403 in
1262 373 1421 415 quatuor
1446 365 1531 403 aliis
1552 366 1733 416 Gronovii
1759 368 1859 403 codi-

182 428 306 466 cibus:
348 430 503 468 hostt'lia
525 429 588 466 vel
615 433 765 475 ostilia,
805 433 844 468 in
869 429 1139 469 Riccnrdiano:
1175 433 1361 476 attiliani,
1398 433 1438 468 in
1464 431 1687 469 Monacensi
1712 433 1859 479 inepte.-

183 494 306 532 hasta.
328 513 373 521 ·-
425 493 642 534 Harduinus
679 494 789 531 dicite
827 519 852 539 ,‚
863 496 951 542 quid
983 497 1018 532 si
1050 499 1203 544 scapula
1226 497 1398 545 legas‘N‘
1434 497 1532 543 quod
1553 499 1636 544 jam
1662 505 1749 534 ante
1775 510 1859 533 eum

182 566 446 605 proposuerat
462 558 688 595 Gronovius.
737 558 817 596 Nec
843 560 1037 607 quisquam
1063 561 1254 607 profecto,
1281 562 1343 608 qui
1369 573 1419 597 ex
1445 560 1600 598 scholiis
1630 561 1676 597 ad
1703 561 1858 598 Pindari

183 634 296 660 carm.
325 622 477 670 olymp.
505 622 537 659 1.
563 635 640 659 vss.
668 627 727 661 37.
752 637 834 671 sqq.
860 623 912 660 Η.
939 623 1002 660 vel
1028 637 1076 660 ex
1114 625 1245 661 Servio
1273 626 1319 661 ad
1346 624 1497 674 Virgilii
1526 625 1665 674 Georg.
1690 626 1757 661 lib.
1786 625 1860 660 111.

183 699 239 724 vs.
266 690 303 724 7.
336 689 435 723 norit
460 687 627 724 fabulam
652 688 698 723 de
731 686 884 734 Pelopis
911 688 1064 724 humero
1093 688 1280 733 eburneo,
1316 689 1479 725 tuebitur
1504 689 1696 738 vulgatam
1726 689 1859 725 lectio-

182 765 281 790 nem.
334 751 520 796 Quidnam
545 766 635 789 vero
659 754 698 789 in
725 754 806 801 ejus
834 751 920 789 loco
946 753 1156 800 ponendum
1179 755 1250 799 sit,
1275 755 1425 790 minime
1453 753 1585 802 liquet.

328 817 482 855 Servius
516 818 544 855 l.
579 819 606 855 1.
643 819 755 854 tradit
793 817 993 863 Cererem,
1034 832 1128 866 quae
1163 819 1351 855 brachium
1384 818 1537 866 Pelopis
1574 819 1859 863 consumsisset,

184 883 377 919 brachium
408 884 611 920 eburneum
641 884 873 920 restituisse:
914 895 1009 931 quae
1044 883 1201 929 primum
1235 883 1377 932 legenti
1402 883 1493 920 mihi
1518 885 1621 920 visus
1649 890 1708 919 est
1733 890 1861 919 noster

190 947 390 995 scripsisse
423 948 575 995 Pelopia
608 959 651 984 os
682 950 791 985 alnae
814 948 877 984 vel
904 948 1071 994 Pelopos
1096 950 1206 983 ulna.-
1244 960 1397 995 quorum
1423 956 1546 983 tamen
1575 956 1744 983 neutrum
1771 948 1860 983 ferri

189 1024 302 1058 posse
337 1013 451 1048 facile
485 1012 649 1048 videbis.·
702 1012 800 1050 Nam
834 1015 874 1050 in
899 1013 967 1049 illo
993 1013 1137 1049 insulse
1164 1014 1301 1050 dicnun
1327 1020 1429 1050 esset
1453 1026 1496 1050 os
1523 1015 1632 1051 ulnae
1663 1012 1860 1056 eburneae,

186 1084 225 1114 et
250 1078 288 1114 in
314 1076 386 1114 hoc
411 1077 623 1114 terminatio
650 1090 760 1114 casus
786 1067 942 1128 genitivi
967 1078 1007 1113 in
1030 1090 1073 1113 os
1103 1089 1126 1114 a
1152 1076 1267 1113 Plinii
1293 1090 1363 1113 usu
1389 1076 1630 1121 abhorreret,
1664 1085 1702 1112 et
1725 1086 1765 1113 ut
1793 1091 1859 1113 ex-

184 1140 432 1187 plicaremus,
467 1142 651 1187 quomodo
686 1142 725 1176 id
751 1143 790 1177 in
816 1144 962 1188 Pelopis
987 1145 1158 1179 ostiliani
1181 1143 1363 1187 corrumpi
1387 1143 1590 1187 potuisset,
1624 1155 1769 1178 sumere
1796 1142 1859 1178 de-

185 1204 383 1251 beremus,
424 1205 618 1242 librarium
655 1204 818 1252 aliquem
853 1218 964 1253 supra
989 1205 1137 1243 literam
1164 1219 1190 1255 p
1216 1206 1387 1253 posuisse
1415 1206 1673 1252 compendium
1701 1207 1861 1251 scriptu-

185 1281 252 1305 rae
278 1260 360 1315 ('),
386 1270 530 1316 (quod,
557 1269 646 1305 licet
671 1282 756 1305 raro
783 1277 940 1314 tantum,
965 1272 1153 1306 invenitur
1178 1283 1244 1315 pro
1270 1273 1333 1314 is),
1355 1271 1409 1306 ita
1434 1279 1476 1306 ut
1501 1272 1588 1306 inde
1614 1278 1734 1306 ortum
1758 1278 1859 1306 esset

169 1320 339 1383 ⁸Pelopis
362 1336 512 1378 malua,
540 1334 637 1382 quod
662 1341 794 1381 postea
820 1336 858 1371 in
884 1334 980 1372 illud
1005 1342 1210 1371 monstrum
1235 1333 1408 1370 lectionis
1438 1334 1604 1371 abiisset.
1658 1334 1861 1371 Praeterea

185 1402 280 1437 ulna
306 1400 403 1447 apud
429 1413 564 1447 prosae
592 1401 773 1436 orationis
800 1401 1000 1447 scriptores
1036 1413 1112 1436 non
1139 1398 1326 1447 significat
1359 1398 1549 1436 brachium
1582 1400 1648 1437 sed
1674 1400 1858 1443 cubitum,-

185 1471 225 1500 et
258 1463 493 1510 Pausanias,
533 1466 594 1512 qui
628 1466 667 1500 in
701 1463 842 1500 Eliacis
877 1464 944 1501 lib.
970 1463 1018 1501 V.
1054 1477 1136 1511 cap.
1165 1467 1221 1500 13.
1258 1471 1385 1500 narrat
1411 1464 1456 1500 de
1483 1464 1550 1500 illo
1579 1464 1730 1511 Pelopis
1758 1478 1858 1510 osse,

185 1530 284 1578 quod
310 1529 419 1567 Elide
445 1529 594 1567 solebat
620 1529 790 1575 ostendi,
828 1530 944 1577 (quod
971 1536 1094 1565 autem
1119 1541 1215 1574 non,
1250 1536 1291 1564 ut
1317 1536 1467 1574 noster,
1516 1529 1717 1566 eburneum
1743 1530 1860 1567 fuisse

184 1595 313 1639 dicit),
346 1595 385 1629 id
421 1594 588 1640 appellat
618 1595 729 1630 modo
765 1593 911 1636 0⁹5on,
945 1595 1055 1629 modo
1083 1593 1359 1643 ω’μοπλάτῃν,
1397 1595 1449 1630 ita
1475 1601 1515 1630 ut
1552 1597 1742 1642 scapulam
1765 1594 1859 1632 illud

183 1659 301 1695 fuisse
335 1666 474 1705 pateat.
541 1657 653 1694 Hanc
685 1671 775 1694 vero
802 1671 932 1695 vocem
958 1660 1065 1695 nimis
1094 1658 1140 1695 ab
1164 1660 1211 1695 iis
1238 1659 1399 1703 distare,
1440 1671 1533 1705 quae
1559 1661 1598 1695 in
1624 1658 1729 1694 libris
1762 1659 1859 1695 Mss.

183 1723 368 1773 legimus,
404 1723 655 1770 unusquisque
691 1722 890 1772 intelligit,
928 1736 997 1759 nec
1032 1724 1181 1769 propius
1217 1724 1264 1759 ad
1299 1736 1344 1758 ea
1378 1724 1523 1758 accedit
1556 1724 1746 1760 scutulam
1781 1714 1861 1759 sire

183 1789 408 1836 mamalum,
447 1788 543 1835 quod
566 1789 733 1834 recipere
759 1789 872 1824 etiam
897 1790 980 1836 ejus
1006 1801 1145 1837 genere
1171 1795 1363 1831 vetamur,
1405 1801 1513 1834 quum
1538 1789 1576 1823 in
1607 1800 1760 1823 numero
1786 1789 1862 1823 sin-

184 1854 307 1904 gulari
332 1866 420 1899 non,
443 1860 484 1890 ut
496 1851 763 1900 Dalecampius
787 1845 826 1889 in
853 1860 941 1889 nota
969 1854 1015 1890 ad
1041 1852 1137 1888 hunc
1163 1851 1287 1888 locum
1313 1852 1476 1898 scripsit,
1505 1852 1650 1887 dicatur
1674 1856 1859 1899 scoptula.

185 1920 273 1956 Alia
307 1926 431 1954 autem
455 1930 553 1962 vox,
598 1931 692 1964 quae
719 1917 909 1964 scapulam
936 1918 1142 1966 significet,
1176 1920 1215 1953 in
1239 1918 1387 1953 usitatis
1413 1930 1489 1952 non
1516 1925 1591 1953 est:
1629 1926 1666 1953 at
1694 1916 1860 1953 Isidorus

184 1984 423 2032 Hispalensis
461 1982 568 2032 Orig.
603 1982 668 2020 lib.
701 1982 773 2020 XI.
811 1996 893 2031 cap.
922 1987 956 2021 1.
984 1982 1019 2032 ᾧ.
1046 1986 1106 2021 76.
1134 1983 1241 2019 dicit:
1286 1982 1419 2026 „Alae
1446 1983 1663 2018 subbrachia
1686 1992 1769 2018 sant
1793 1996 1861 2031 ap-

182 2051 362 2100 pelIatae,
398 2062 442 2086 eo
478 2050 576 2097 qaod
608 2063 660 2084 ex
694 2051 737 2084 iis
761 2052 798 2084 in
821 2051 963 2085 modam
985 2052 1136 2085 alaram
1162 2057 1285 2084 motus
1310 2049 1544 2085 brachiorum
1569 2049 1734 2092 inchoet,
1769 2062 1860 2096 quas

184 2116 329 2163 quidam
351 2113 601 2158 animast)
625 2119 774 2155 vocant,
807 2116 907 2161 quod
931 2128 982 2149 ex
1009 2115 1056 2150 iis
1079 2113 1237 2165 brachia
1261 2112 1432 2150 cillantur
1460 2114 1482 2147 i.
1502 2126 1534 2149 e.
1559 2119 1861 2149 moveantar.“—

186 2178 296 2215 Haec
323 2179 357 2214 si
383 2177 686 2222 consideremus,
733 2178 953 2215 subbrachia
986 2179 1107 2214 minus
1143 2179 1190 2214 ad
1221 2178 1282 2222 id,
1335 2179 1430 2224 quod
1468 2180 1698 2224 quaerimus,
1745 2189 1857 2222 appo-

183 2243 255 2280 site
293 2242 392 2278 dicta
429 2253 514 2277 esse
549 2249 723 2287 apparet:
759 2242 870 2277 latius
903 2254 992 2277 vero
1018 2249 1121 2287 patet
1156 2244 1212 2278 vis
1238 2243 1404 2284 alarum,
1443 2255 1533 2288 quas
1559 2243 1704 2278 ascillas
1731 2242 1858 2276 vocari

184 2307 274 2342 dicit
307 2305 487 2343 Isidorus.
548 2305 647 2349 Quid
682 2320 795 2356 ergo,
830 2308 862 2344 si
895 2307 1026 2343 ascilla
1050 2306 1244 2355 legamus?
1269 2326 1317 2334 —-
1354 2305 1461 2342 Alias
1492 2306 1637 2353 quidem
1664 2305 1755 2341 haec
1781 2317 1859 2340 vox

264 2433 294 2469 *)
315 2432 356 2462 In
378 2431 513 2462 vetusti·
536 2438 682 2473 quatuor
702 2433 796 2465 libris
818 2436 903 2466 Μει.
926 2433 1187 2466 Monaeensibus
1210 2432 1415 2474 (necc.Vlll.
1429 2432 1482 2464 lx.
1495 2437 1527 2463 et
1537 2432 1592 2471 X.)
1607 2437 1654 2462 est
1668 2432 1806 2467 ascellas,
1819 2449 1863 2458 --

325 2486 437 2528 nujus
464 2486 555 2519 vocis
589 2487 686 2531 origo
722 2488 811 2521 unde
839 2489 1030 2521 deducenda
1052 2490 1112 2525 sit,
1143 2489 1253 2521 fateor
1272 2499 1323 2519 me
1344 2487 1478 2519 nescire.
1520 2487 1672 2518 Fortasse
1693 2488 1863 2530 quispim

325 2578 342 2597 a
364 2577 445 2599 voce
465 2567 579 2599 Indica
611 2548 726 2619 3³·ss
750 2571 878 2611 (ensa),
896 2581 961 2610 que
984 2576 1119 2601 notatur
1138 2569 1315 2604 humerus,
1337 2577 1406 2599 enm
1425 2566 1620 2607 repetiverit.
