2290 3201
1171 280 1305 342 Α

391 404 613 452 (uleeribus)
641 432 651 443 .
677 430 687 441 .
720 430 730 441 .
770 402 1016 453 Plantago
1053 404 1229 441 omnium
1259 413 1443 453 generum
1464 402 1661 440 azoer-ibn.
1685 421 1736 430 --
1771 413 1854 449 eap-
1882 404 1940 439 1⁵.
1966 402 2073 444 init.;

391 460 484 509 sect.
511 474 559 508 90
561 495 731 507 .....
774 471 1044 505 Vettonica
1069 494 1080 506 .
1107 495 1118 506 .
1156 468 1295 505 bibitur
1330 472 1467 504 eontra
1491 470 1617 504 omnia
1640 467 1849 505 ”abarum
1872 470 1966 504 vitia
1990 493 2001 506 .
2026 493 2038 505 .
2064 494 2075 504 .

392 538 526 583 Ipsum
548 547 777 582 panaces
800 562 810 572 .
835 561 845 572 .
876 559 890 570 .
924 535 1059 570 vulvae
1079 541 1220 584 purgat
1244 556 1397 570 .....
1412 531 1666 584 Plantago
1689 535 1899 581 apponitur
1921 534 1961 569 in
1986 534 2077 569 lana

392 605 434 639 in
461 601 589 638 dolore
613 599 764 637 vulvae.
790 620 839 628 —
870 598 1020 635 Deinde
1046 596 1346 648 quinquefolium
1368 595 1474 642 (Lib.
1494 595 1641 633 XXVI.
1669 609 1752 643 cap.
1776 601 1836 639 9.;
1865 605 1958 633 sect.
1985 601 2076 641 59.),

391 672 432 700 ut
467 664 528 701 hie
558 677 746 712 panaces,
783 665 866 699 sine
902 662 983 699 ulla
1009 663 1276 711 conjunctione
1299 662 1480 697 insertum
1506 667 1577 697 ent.
1630 659 1805 709 Denique
1830 661 1878 698 de
1902 662 2075 708 pan-cite

393 732 480 766 vino
508 730 668 779 legimus
696 728 793 774 apud
819 727 1084 764 Dioscoridem
1109 726 1176 763 lib.
1203 726 1251 764 V.
1279 739 1360 773 cap.
1387 728 1447 763 ⁷2.
1474 721 1809 774 ύδρωπικοῖς
1831 724 1904 763 καὶ
1929 725 2075 775 θηριο-

394 791 560 845 δήκτοις
596 792 795 842 ἁρμόζει,
836 792 875 829 id
918 793 1016 841 quod
1060 805 1209 831 omnem
1242 789 1296 830 de⁰
1325 792 1397 830 hae
1434 803 1528 829 voce
1552 791 1769 839 recipienda
1794 790 1896 829 tollit
1929 791 2075 829 dubita-

390 863 543 896 tionem.

584 924 671 961 Lib.
699 922 847 962 XXVI.
879 924 977 961 ande
1001 924 1100 962 med.
1127 936 1209 971 cap.
1237 928 1296 967 8.;
1324 931 1432 961 seett.
1459 926 1518 961 36.
1547 929 1586 960 et
1609 925 1669 961 37.

535 991 573 1025 E
581 996 596 1026 t
624 1002 789 1040 panos
812 991 1036 1027 discutit.
1087 990 1269 1028 Detrahit
1293 991 1401 1028 bilem
1421 990 1672 1039 polypodion.

390 1058 446 1093 En
474 1056 663 1093 Harduini
688 1064 959 1100 commentum,
987 1057 1048 1103 qui
1072 1057 1236 1102 priorum
1261 1056 1466 1092 editionum
1490 1055 1705 1099 lectionem,
1734 1055 1783 1091 Et
1806 1064 1952 1100 capnos
1976 1058 2075 1090 stra-

391 1134 490 1158 mam
518 1123 687 1164 discutit,
726 1120 824 1169 quod
850 1133 1020 1168 „capnos
1047 1119 1165 1157 herba
1190 1119 1285 1157 nihil
1311 1120 1360 1157 ad
1385 1119 1512 1157 alvum
1535 1120 1757 1158 medendam
1776 1121 1970 1168 juvaret,“
1997 1131 2074 1155 om-

391 1189 480 1221 nino
509 1194 746 1231 aspernatus,
775 1197 844 1219 nec
869 1186 990 1231 magis
1018 1196 1160 1227 eorum,
1187 1195 1282 1229 quae
1310 1194 1360 1218 ex
1386 1183 1492 1219 libris
1522 1183 1619 1220 Mus.
1646 1184 1802 1231 protulit
1822 1186 1891 1227 (ex
1917 1182 2011 1232 Reg.
2038 1187 2072 1218 1.

390 1252 442 1288 Et
468 1259 699 1292 carostrum,
726 1256 763 1284 et
790 1260 839 1284 ex
866 1247 960 1297 Reg.
988 1250 1022 1284 5.
1051 1246 1161 1292 (2.9)
1186 1248 1237 1284 Et
1260 1248 1577 1295 capno-nmmo),
1603 1260 1693 1284 eura
1713 1247 1954 1293 sollicitatus,
1979 1248 2076 1285 haec

390 1317 580 1361 reposuit,
616 1315 701 1361 quia
731 1312 977 1348 Dioscorides
1005 1310 1071 1347 IV.
1103 1314 1185 1348 176.
1219 1314 1338 1356 (173.)
1374 1312 1421 1347 de
1447 1324 1678 1359 pyenoeomo
1704 1311 1867 1349 diceret:
1913 1311 1998 1349 Καὶ
2022 1310 2073 1348 τά

389 1379 530 1431 φύλλα
559 1375 600 1415 δὲ
626 1376 1002 1420 καταπλαττόμενα
1029 1365 1203 1429 φῦματα
1227 1376 1299 1414 καὶ
1327 1372 1525 1427 δοθιῆνας
1549 1372 1753 1429 διαφορεῖ.
1779 1398 1827 1405 -
1878 1378 1954 1415 Sed
1980 1378 2075 1415 haec

388 1459 463 1482 non
500 1444 690 1481 debebant
724 1444 785 1479 hic
819 1444 970 1488 afferri,
1007 1456 1116 1491 quum
1148 1444 1187 1479 in
1214 1442 1524 1479 antecedentibus
1551 1443 1598 1479 de
1622 1442 1727 1480 illius
1750 1442 1891 1480 herbae
1916 1446 2073 1487 semine,

388 1523 464 1545 non
500 1510 546 1545 de
583 1511 666 1557 ejus
702 1508 830 1552 soliis,
870 1520 993 1544 sermo
1029 1509 1101 1552 sit,
1144 1509 1199 1544 ita
1231 1515 1272 1544 ut
1302 1508 1522 1545 Harduinus
1556 1508 1727 1544 videatur
1751 1507 1920 1545 voluisse
1958 1510 2074 1545 citare

388 1587 483 1622 quae
517 1574 656 1609 ibidem
690 1572 885 1622 leguntur:
924 1571 1126 1615 Δύναμιν
1164 1568 1285 1619 δ’ἒχει
1321 1573 1346 1610 o‘
1372 1573 1530 1622 καρπός
1554 1572 1691 1615 ποθεὶς
1716 1601 1725 1611 .
1753 1602 1763 1612 .
1792 1601 1801 1611 .
1840 1570 2074 1623 ταραχώδη

392 1640 460 1675 καὶ
500 1635 613 1674 δεινά
651 1638 821 1674 ἐνύπνια
860 1639 1006 1673 ποιεῖν·
1053 1633 1250 1687 διαφορεῖ
1287 1634 1329 1673 δὲ
1371 1636 1443 1672 καὶ
1487 1634 1696 1687 οἰδήματα
1740 1646 1810 1675 etc.
1891 1637 1988 1675 Tum
2027 1640 2073 1676 de

387 1717 511 1752 capno
550 1701 668 1739 herba
702 1701 847 1738 Plinius
886 1701 976 1737 dicit
1009 1702 1048 1738 in
1075 1701 1147 1738 hoe
1172 1704 1255 1749 ipso
1282 1702 1403 1746 libro,
1437 1709 1524 1738 ante
1550 1703 1647 1738 med.
1675 1716 1756 1749 cap.
1784 1707 1842 1745 7.;
1870 1713 1963 1741 sect.
1992 1709 2072 1742 19.:

390 1771 597 1816 Capnon
623 1768 782 1803 herbam
813 1768 882 1815 qui
906 1768 1040 1810 edere,
1077 1767 1229 1804 bilem
1262 1779 1353 1815 per·
1386 1769 1580 1804 aritiam
1614 1770 1847 1812 reddunt,
1884 1769 1931 1806 ad
1967 1772 2074 1818 cujus

387 1832 462 1868 loci
498 1832 780 1868 similitudinem
815 1830 876 1866 hic
910 1838 1061 1875 noster,
1100 1833 1138 1867 in
1177 1844 1249 1878 quo
1285 1831 1458 1879 equidem
1490 1843 1540 1867 ex
1573 1831 1822 1868 Riccardiano
1858 1836 2008 1870 enotavi
2034 1841 2083 1879 et,

385 1902 613 1940 carnmtru,
664 1902 702 1931 et
739 1908 791 1932 ex
822 1894 942 1945 Regio
977 1895 1029 1932 11.
1074 1902 1113 1934 et
1157 1910 1306 1946 capnos
1341 1899 1492 1944 serani,
1543 1897 1598 1933 sie
1643 1899 1781 1944 poterit
1817 1898 1967 1948 effingi:
2017 1901 2055 1937 U
2059 1910 2074 1935 t

385 1976 580 2010 capnos,
607 1965 684 1997 uri
692 1975 751 1997 na
777 1962 943 1998 detrahit
966 1962 1080 1999 bilem
1102 1964 1355 2010 polypoch'on:
1381 1965 1420 1999 in
1448 1963 1595 2012 quibus,
1621 1963 1654 1998 si
1680 1963 1761 2009 quis
1788 1963 1834 2000 de
1848 1975 1893 1999 eo
1916 1963 2071 2009 dubitet,

386 2041 472 2064 num
509 2034 610 2063 recte
645 2038 687 2061 se
715 2024 879 2062 habeant
904 2027 1040 2065 verba:
1077 2031 1234 2067 urina
1260 2029 1434 2067 detrahit
1460 2029 1585 2073 bilem,
1622 2029 1797 2075 quoniam
1832 2030 1870 2065 in
1898 2029 1974 2066 alio
2000 2029 2069 2066 illo

384 2093 472 2128 loco
501 2094 570 2128 sit:
612 2092 722 2127 bilem
751 2104 843 2138 per
877 2094 1078 2130 urinam
1109 2096 1295 2137 reddunt,
1328 2094 1361 2128 is
1387 2095 1565 2140 respiciat
1589 2094 1637 2129 ad
1661 2092 1823 2129 haecce:
1865 2093 1951 2129 Lib.
1976 2093 2068 2131 XX.

385 2170 468 2202 cap.
497 2160 554 2192 10.
583 2154 651 2191 sub
678 2155 766 2196 firi-3
805 2164 897 2192 sect.
922 2161 983 2194 43.
1036 2160 1080 2194 Si
1103 2162 1262 2208 sanguis
1281 2171 1369 2205 par
1392 2162 1590 2194 urinam
1615 2159 1878 2201 reddatur,
1911 2166 1949 2194 et
1982 2159 2070 2195 Lib.

383 2218 532 2257 XXIV.
563 2232 644 2266 cap.
657 2224 715 2256 10.
734 2218 804 2256 sub
819 2219 907 2263 fin.;
934 2230 1027 2258 sect.
1041 2227 1102 2260 49.
1129 2232 1169 2258 ut
1192 2226 1419 2274 sanguinem
1442 2225 1586 2259 urina
1611 2223 1873 2259 detrahat.-
1895 2224 1976 2270 J'am
1996 2236 2072 2260 non
2112 2214 2118 2220 ’

382 2286 548 2331 poterit,
584 2286 622 2319 in
647 2298 688 2319 re
714 2297 859 2320 summa
886 2294 1009 2331 certe,
1037 2299 1111 2322 non
1137 2299 1282 2324 mecum
1308 2287 1535 2323 consentire.
1597 2286 1664 2323 Sin
1689 2288 1770 2335 quis
1795 2300 1861 2335 pro
1887 2287 2072 2336 particula

385 2357 428 2387 ut
456 2349 596 2386 habeat
623 2349 759 2394 aliam,
800 2362 911 2396 quam
946 2360 1151 2397 proponat,
1179 2364 1350 2402 [eamque
1376 2350 1570 2388 meliorem
1596 2354 1848 2401 conjungendi
1872 2355 2069 2398 rationem,

386 2428 460 2450 non
489 2422 665 2450 vereatur
692 2427 738 2449 ne
765 2426 835 2463 ego
863 2416 899 2450 ei
925 2415 1121 2463 obloquar.

576 2478 664 2514 Lib.
692 2478 880 2531 XXVI11.
909 2492 991 2526 cap.
1016 2485 1053 2516 4.
1080 2481 1185 2522 init.;
1212 2486 1306 2515 sect.
1332 2483 1367 2517 6.
1396 2486 1492 2516 extr.

528 2544 580 2579 Et
596 2543 707 2580 Elide
723 2544 873 2581 solebat
889 2547 1035 2582 ostendi
1061 2547 1213 2593 Pelopis
1236 2550 1387 2589 costa,
1412 2559 1531 2594 quam
1547 2547 1754 2585 eburneam
1768 2546 2032 2597 affirmabant.

387 2607 425 2641 ln
455 2607 560 2642 libris
589 2607 684 2643 Mss.
715 2621 788 2643 non
815 2609 956 2657 legitur
980 2614 1109 2644 costa:
1137 2608 1204 2643 sed
1229 2610 1267 2644 in
1294 2608 1413 2658 Regio
1427 2609 1474 2655 1.,
1498 2617 1539 2646 ut
1552 2610 1768 2647 Harduinus
1794 2611 1922 2656 refert,
1952 2613 2069 2649 hosti-
