2290 3201
1035 296 1060 338 9

211 424 294 458 dine
329 430 525 460 accensus,
582 419 617 452 si
651 418 737 452 tecti
757 425 891 452 natura
911 417 1135 463 permisisset
1151 442 1162 457 ,
1212 427 1306 461 quae
1334 421 1420 449 ante
1447 412 1681 448 Harduinum
1708 409 1818 457 vulgo
1845 411 1882 444 in

215 485 324 521 editis
358 481 580 531 legebantur
605 488 642 516 et
667 493 786 527 paene
813 481 962 517 omnino
989 485 1196 528 congruunt
1221 490 1304 514 cum
1329 478 1397 521 iis,
1439 489 1532 523 quae
1558 463 1588 511 F
1600 475 1884 512 alconetius

216 550 325 584 affert
359 559 409 581 ex
440 546 569 580 codice
596 544 1003 590 Petropolitano,
1041 556 1149 589 quem
1175 545 1336 589 optimae
1363 549 1475 577 notae
1502 541 1607 576 libris
1636 540 1882 575 adnumeran-

216 612 301 647 dum
328 621 412 646 esse
437 607 639 644 lectoribus
665 608 788 643 studet
811 608 1058 654 persuadere;
1085 606 1118 651 *)
1145 608 1183 642 in
1211 607 1282 643 hoc
1309 614 1433 642 tamen
1458 604 1615 652 legitur:
1656 604 1810 639 Pontias
1835 606 1884 638 le-

215 684 328 724 gatus
350 675 543 721 princeps,
573 672 671 719 quod
695 673 724 707 F
728 672 935 708 alconetius
963 672 1085 706 facete
1112 673 1241 707 vertit:
1275 671 1671 719 gdm'ral-lieutenant.
1723 666 1885 702 Dubium

219 747 342 776 autem
368 750 442 774 non
468 745 551 783 est,
579 738 688 785 quin,
713 743 753 773 ut
774 738 856 784 jam
882 735 1098 772 Harduinus
1123 736 1283 780 monuit,
1320 734 1434 770 verba
1462 735 1612 770 Pontias
1638 733 1778 782 legatas
1805 743 1885 766 cor-

217 813 324 851 rupta
348 805 422 840 sint
449 816 497 839 ex
522 804 592 846 iis,
620 815 713 849 quae
738 803 779 839 in
804 801 961 838 vestutis
988 799 1092 835 libris
1121 798 1216 835 Mss.
1248 808 1351 835 sunt:
1387 800 1683 848 concussegaius,
1712 817 1759 823 —-
1798 795 1888 831 ibid.

218 877 305 905 ante
331 868 428 904 med.
456 880 537 914 cap.
567 871 645 909 10.;
687 873 779 902 sect.
806 869 865 902 36.
893 868 951 901 10.
978 865 1017 899 in
1042 862 1225 898 Harduini
1251 864 1413 899 editione
1438 862 1618 911 legimus:
1660 863 1758 897 Nam
1783 861 1887 895 cede-

217 935 284 971 bat
316 933 515 980 Amphioni
547 933 589 967 de
615 932 869 978 dispositione,
907 931 946 965 in
973 928 1205 965 Burbonico:
1246 929 1490 974 nuemphodes
1517 930 1626 973 (εἰεί)
1651 929 1885 974 dispositione

217 1000 385 1042 cedebat,
420 1006 456 1034 et
490 999 529 1033 in
569 997 758 1045 margine:
798 1008 865 1032 nec
900 995 1050 1030 cedebat
1081 994 1271 1040 amphioni
1303 1001 1395 1037 etc.,
1427 994 1466 1028 in
1504 993 1632 1039 quibus
1659 994 1691 1027 si
1716 1005 1782 1038 pro
1810 1005 1887 1033 nec,

220 1065 316 1111 quod
341 1063 400 1099 hic
427 1063 516 1098 ferri
541 1074 615 1097 non
640 1068 763 1106 potest
779 1086 790 1104 ,
817 1058 960 1095 scribas
985 1072 1089 1101 nam,
1117 1057 1234 1093 habes
1261 1057 1461 1093 lectionem
1486 1056 1689 1104 vulgatam,
1713 1057 1887 1103 rejicien-

219 1129 304 1164 dam
341 1127 440 1162 haud
474 1125 610 1168 dubie,
649 1125 734 1170 quia
768 1122 1005 1168 Amphion
1041 1123 1188 1168 quidem
1214 1122 1415 1156 statuarius
1443 1121 1540 1165 apud
1567 1120 1792 1155 Pausaniam
1818 1118 1885 1154 Vl.

219 1197 264 1237 3,
293 1197 328 1228 2.
357 1199 393 1227 et
420 1190 470 1227 X.
500 1193 566 1233 15,
592 1194 628 1224 4.
656 1188 835 1231 occurrit,
861 1188 979 1232 pictor
1004 1199 1092 1221 vero
1121 1198 1322 1232 nusquam,
1355 1193 1391 1220 et
1417 1185 1503 1221 libri
1530 1183 1625 1220 Mss.
1654 1182 1765 1218 Voss.
1793 1183 1886 1231 Reg.

219 1256 269 1294 11.
297 1264 333 1294 et
359 1254 531 1293 Riccard.
559 1266 632 1290 non
660 1251 837 1289 exhibent
864 1250 934 1288 hoc
959 1263 1118 1295 nomen,
1145 1251 1212 1287 sed
1235 1250 1432 1298 miamphio
1459 1250 1502 1285 de
1526 1249 1760 1297 dispositione
1787 1248 1888 1284 cede-

217 1325 302 1359 bat.-
330 1320 567 1369 quamobrem
592 1318 783 1353 Broterius
808 1317 991 1362 reposuit:
1018 1316 1293 1351 Melanthio
1319 1316 1362 1349 de
1388 1317 1619 1362 dispositione
1647 1314 1823 1357 cedebat,
1850 1313 1888 1347 id

221 1388 319 1434 quod
346 1387 417 1422 erit
440 1383 713 1429 recipiendum,
741 1382 813 1416 nisi
839 1381 918 1427 quis
946 1394 995 1416 ex
1021 1380 1154 1415 eodem
1177 1380 1260 1424 illo,
1288 1392 1397 1426 quem
1422 1379 1481 1414 hic
1507 1380 1563 1414 vir
1591 1379 1720 1414 doctus
1749 1376 1889 1420 attulit,

220 1451 443 1494 Quintiliani
476 1450 561 1486 loeo
595 1447 704 1491 (Inst.
741 1445 847 1482 Orat.
883 1444 974 1481 XII.
1013 1449 1069 1480 10.
1100 1445 1205 1482 Cura
1230 1445 1474 1493 Protogenes,
1513 1445 1652 1478 ratione
1679 1441 1889 1488 Pamphi-

220 1518 291 1553 lus
316 1524 352 1552 et
378 1511 914 1558 Melanthiu5,facilitate
940 1509 1227 1556 Antiphilus
1251 1538 1259 1546 .
1285 1535 1294 1546 .
1322 1535 1332 1545 .
1360 1534 1370 1544 .
1396 1507 1596 1554 Apelles
1622 1514 1676 1542 est
1698 1511 1891 1553 praestan-

221 1584 410 1625 tissimas.)
446 1580 516 1614 huc
542 1578 718 1612 inducere
744 1575 849 1610 malit
874 1573 902 1608 P
919 1586 1015 1618 amp
1027 1572 1202 1616 hilum,
1233 1572 1377 1618 Apellis
1410 1578 1711 1618 praeceptorem,
1743 1571 1793 1614 ⁴³)
1833 1570 1892 1604 vel

223 1644 555 1692 Antiphilum,
582 1641 651 1685 Μ’)
678 1652 786 1687 quem
813 1664 838 1683 „
849 1636 996 1684 Apelli,
1032 1636 1309 1685 Protogenique
1334 1635 1395 1671 vel
1422 1637 1533 1671 etiam
1560 1635 1763 1682 Lysippo“
1794 1646 1891 1668 com-

223 1718 393 1758 paratum
419 1721 503 1744 esse
530 1707 644 1742 refert
670 1703 839 1753 Silligius
864 1703 903 1737 in
918 1701 1001 1737 Cat.
1019 1701 1129 1736 Artis.
1158 1714 1188 1736 s.
1217 1701 1253 1736 h.
1281 1713 1342 1742 v.;
1371 1713 1445 1736 non
1470 1700 1578 1735 nimis
1605 1698 1703 1733 enim
1732 1711 1753 1732 a
1779 1698 1893 1734 libro—

222 1790 303 1812 rum
328 1774 426 1811 Mss.
453 1773 614 1808 lectione
638 1769 852 1811 recederet,
887 1768 918 1802 si
945 1767 1024 1813 quis
1049 1766 1250 1802 scriberet:
1278 1767 1377 1802 Nam
1404 1764 1591 1810 Antiphila
1620 1770 1709 1806 etc„
1736 1770 1772 1798 et
1799 1763 1893 1798 bene

301 1935 332 1975 ²⁸¹)
361 1933 401 1965 cf.
425 1933 570 1963 Oeuvres
592 1927 762 1961 d’Etienne
783 1925 1015 1962 Falconet,
1042 1925 1218 1958 Statuaire.
1253 1925 1356 1956 Tome
1371 1924 1420 1956 111.
1442 1934 1538 1967 pagg.
1563 1931 1610 1959 10.
1632 1932 1754 1964 sqq.—-
1794 1920 1895 1952 Liber

361 1990 432 2020 Ms.
464 1989 487 2018 P
500 1985 836 2026 atropolitanus
868 1993 967 2023 quam
988 1993 1057 2012 non
1079 1982 1121 2012 sit
1138 1981 1197 2011 tali
1218 1980 1444 2011 aestimatione
1466 1979 1586 2020 dignus
1601 2001 1609 2014 ‚
1649 1989 1686 2008 ex
1706 1977 1756 2007 his
1779 1976 1893 2015 iisque,

362 2053 448 2086 quae
476 2041 564 2072 infra
594 2049 636 2070 ex
667 2049 705 2069 eo
736 2038 924 2080 proferam,
957 2037 1079 2068 affatim
1100 2041 1247 2078 apparett
1283 2035 1343 2077 qui
1364 2040 1496 2070 autem,
1517 2043 1602 2076 quae
1623 2031 1833 2063 Falcouetius
1857 2031 1894 2061 in

361 2098 436 2130 aliis
456 2097 540 2130 locis
563 2096 737 2126 nobiscum
758 2105 797 2125 ex
818 2104 858 2125 eo
882 2093 1156 2129 communicavit,
1186 2092 1323 2134 paulum
1343 2090 1614 2125 consideraverit,
1647 2087 1740 2119 facile
1761 2086 1896 2121 videbit,

362 2155 448 2187 sicut
467 2156 503 2186 in
523 2154 563 2184 iis
577 2175 586 2189 ‚
608 2162 693 2193 quae
712 2150 826 2182 locum
847 2156 997 2181 nostrum
1018 2148 1235 2184 antecedunt,
1265 2159 1342 2189 pro:
1380 2158 1417 2177 ne
1436 2146 1535 2176 ruinis
1556 2146 1677 2185 quidem
1698 2143 1804 2183 templi
1826 2153 1895 2173 con-

362 2221 469 2241 cussae
484 2208 633 2241 exhibeat
645 2208 788 2248 ineptam
801 2205 993 2236 lectionem:
1015 2204 1148 2234 nominis
1167 2205 1290 2243 quidem
1311 2204 1409 2239 taciti,
1432 2213 1526 2243 quae,
1547 2200 1698 2241 apposita
1717 2199 1812 2229 litera
1832 2198 1896 2232 M„

363 2265 531 2299 invenitur
558 2264 593 2295 in
619 2261 825 2303 Dalecampii
845 2260 999 2293 editionis
1021 2259 1168 2303 margine
1188 2258 1368 2300 adscripta:
1395 2257 1440 2289 ita
1461 2267 1533 2289 eum
1555 2256 1589 2287 in
1611 2255 1724 2286 ceteris
1747 2263 1894 2294 quoque,

363 2323 424 2354 ubi
441 2333 459 2352 a
478 2321 614 2363 vulgata
635 2319 783 2355 recedat,
804 2329 878 2350 cum
897 2318 962 2348 illis
982 2315 1183 2346 lectionibus
1204 2315 1271 2346 fere
1294 2313 1497 2348 consentire,
1520 2312 1639 2352 quibus
1662 2310 1795 2341 minime
1816 2318 1894 2339 con-

365 2377 537 2410 fidendum
561 2384 630 2407 esse
661 2374 777 2406 docuit
805 2373 997 2404 narduinus
1029 2372 1065 2403 in
1097 2370 1201 2412 praef.
1233 2371 1285 2400 ad.
1309 2369 1394 2399 Plin.
1436 2367 1552 2397 Nihilo
1575 2372 1683 2396 tamen
1706 2365 1812 2395 minus
1833 2364 1893 2393 iste

363 2434 458 2465 nullo
481 2432 547 2463 alio
569 2435 761 2472 argumento
782 2429 848 2460 nisi
868 2429 919 2459 his
939 2427 1148 2462 lectionibus,
1169 2426 1262 2456 nisus
1283 2425 1373 2455 hunc
1393 2422 1515 2452 librum
1537 2423 1619 2458 Ms.‚
1641 2432 1739 2462 quem
1761 2419 1892 2450 saeculo

367 2489 436 2521 XV.
457 2492 625 2519 exaratum
646 2493 714 2516 esse
734 2485 803 2526 ipse
824 2484 913 2520 dicit,
934 2494 972 2514 ex
991 2480 1206 2514 vetustissimo
1228 2477 1404 2520 exemplari
1424 2477 1538 2508 statuit
1557 2476 1788 2517 transcriptum
1814 2485 1892 2506 esse.

307 2547 356 2586 **)
374 2545 416 2576 ef.
437 2542 512 2575 Lib.
535 2541 668 2573 XXXV.
690 2546 765 2572 ante
786 2539 870 2571 med.
892 2549 962 2580 cap.
985 2546 1052 2574 10.;
1077 2542 1152 2569 sect.
1173 2535 1223 2572 56.
1243 2542 1264 2571 7
1285 2541 1317 2567 et
1335 2540 1365 2572 8.
1389 2551 1428 2558 —
1449 2532 1528 2565 ibid.
1553 2542 1623 2573 cap.
1645 2540 1715 2569 11.;
1741 2536 1820 2564 sect.
1841 2534 1893 2565 40.

363 2599 435 2631 init.
475 2599 539 2636 *Ἦ
563 2599 607 2629 ef.
627 2594 708 2627 ibid.
731 2600 808 2628 sect.
830 2601 881 2633 57.
901 2594 973 2627 init.
994 2599 1026 2626 et
1046 2598 1123 2625 sect.
1145 2596 1195 2627 40.
1215 2598 1263 2627 52.

1407 2650 1427 2681 2
