2290 3201
1209 311 1258 349 18

380 437 467 484 quid
496 435 654 470 maxone
692 433 729 468 in
766 445 809 466 re
837 430 1029 477 familiari
1061 433 1276 479 expetiti-et,
1312 435 1523 481 reepondit:
1561 436 1686 472 Bene
1708 447 1923 483 pascere.
1979 435 2075 486 Quid

379 499 616 538 secundum?
669 500 805 535 Satis
840 498 953 533 bene
987 509 1203 544 pascere.
1268 499 1367 546 Quia
1397 500 1571 535 tertium?
1613 500 1725 536 Male
1757 512 1925 547 pascere.
1979 500 2077 550 Quid

381 565 574 613 quartam?
602 568 769 601 Arare.
796 583 844 589 —
896 562 955 597 Ex
981 560 1114 608 quibus
1140 569 1308 598 nostrum
1333 562 1459 599 locum
1484 565 1541 600 sio
1564 564 1814 601 restituimus:
1856 565 2074 613 Respondit,

382 632 417 666 si
439 621 530 667 bene
554 642 704 678 pascas.
761 628 856 680 Quis
879 628 1113 674 proximus?
1154 630 1204 665 Si
1235 629 1360 665 satie
1384 628 1518 671 beno,
1549 642 1603 665 sc.
1630 642 1779 675 pascas.
1804 649 1853 656 —
1902 629 2073 677 Namque

385 695 545 731 voculae
576 698 611 731 si
644 695 753 735 satis,
797 705 906 738 quum
932 693 1022 727 satis
1047 704 1315 739 nonnunquam
1338 693 1554 731 inveniatur
1578 706 1645 741 per
1671 695 1929 741 compendium
1956 696 2072 742 scrip-

384 769 479 797 tum:
506 760 601 803 sat’‚
628 758 741 795 facile
768 756 872 793 abire
899 764 1099 804 potuerunt
1123 759 1163 794 in
1188 760 1246 798 eit.
1272 767 1322 797 at.

579 823 666 860 Lib.
693 822 842 859 XVIII.
870 835 952 868 cap.
983 827 1063 864 16.;
1092 830 1186 859 sect.
1211 827 1272 861 43.

535 891 654 925 Ver-no
680 890 759 924 seri
780 889 910 924 debent
934 888 1156 935 liberarique
1184 889 1480 925 ceteris-herbis:
1508 890 1562 925 ad
1581 890 1772 932 trimatum,
1799 896 1871 925 etc.

384 953 602 989 Harduinus
631 953 679 988 ad
705 952 800 988 haec
827 952 966 998 verba,
993 965 1089 1000 quae
1115 954 1155 989 in
1182 953 1346 990 Broterii
1372 954 1536 991 editione
1563 955 1703 1007 omissa
1729 962 1829 998 sunt,
1857 956 2071 990 adnotavit:

383 1023 551 1062 „Verno
576 1020 680 1066 ser-12]
708 1018 766 1054 Ita
793 1020 906 1054 etiam
933 1019 1031 1054 Mss.
1059 1019 1125 1054 sed
1152 1021 1287 1056 sarriri
1308 1019 1487 1055 malim.“
1512 1038 1561 1045 -—
1584 1019 1624 1054 id
1649 1019 1747 1065 quod
1767 1020 1849 1067 jam
1876 1027 1963 1055 ante
1990 1031 2074 1055 eum

385 1084 587 1132 legendum
621 1096 707 1119 esse
742 1082 995 1119 arbitrabatur
1030 1083 1227 1120 Pintianus
1254 1085 1320 1128 (cf.
1344 1085 1404 1119 ed.
1429 1085 1553 1133 Lugd.
1581 1083 1666 1119 Bat.
1693 1095 1753 1119 an.
1785 1087 1891 1120 1669.
1918 1083 1994 1119 vol.
2022 1081 2073 1118 II.

383 1161 470 1197 pag.
507 1152 626 1192 4580.
688 1147 929 1192 Harduinus,
965 1149 998 1183 si
1030 1147 1149 1184 libros
1187 1145 1284 1184 Mss.
1319 1148 1557 1185 Parisienses
1584 1148 1800 1197 diligentius
1829 1150 2075 1191 excussisset,

389 1215 651 1260 conjecturam
678 1225 783 1248 suam
811 1225 832 1246 a
860 1213 980 1259 Regio
1008 1211 1060 1246 II.
1088 1213 1246 1247 vidisset
1272 1212 1565 1257 comprobatam,
1594 1214 1632 1248 in
1660 1225 1730 1260 quo
1757 1212 1915 1262 legitur:
1944 1214 2074 1249 Verno

383 1279 486 1314 sarri
521 1278 635 1313 debet.
697 1275 819 1319 Quam
855 1274 901 1311 ob
938 1288 1017 1311 rem
1059 1274 1210 1311 dubium
1237 1289 1321 1312 esse
1347 1289 1421 1312 non
1448 1284 1593 1322 potest,
1634 1279 1722 1323 quin
1748 1277 1902 1313 verbum
1926 1279 2076 1319 sarriri,

385 1343 482 1388 quod
509 1349 636 1376 nostro
664 1341 749 1375 loco
776 1341 886 1374 unice
914 1352 999 1374 esse
1028 1341 1349 1379 accommodatum
1375 1342 1531 1390 quisque
1556 1342 1682 1388 videt,
1707 1343 1962 1390 recipiendum
1988 1345 2049 1379 sit.

578 1406 666 1442 Lib.
692 1404 840 1442 XVIII.
870 1418 952 1452 cap.
978 1410 1060 1448 30.;
1087 1414 1181 1442 sect.
1206 1410 1268 1444 72.

526 1473 736 1507 Maturius
761 1473 938 1506 desectus
963 1470 1141 1516 (culmus)
1168 1475 1331 1510 muria
1358 1474 1439 1511 diu
1463 1486 1754 1522 respersus,
1788 1474 1929 1510 dehinc
1954 1476 2074 1511 sicca-

478 1542 537 1573 tus
565 1540 604 1573 in
632 1538 861 1583 manipulos
886 1538 1146 1573 convolvitur.

382 1603 456 1637 Pro
485 1600 631 1637 verbis:
660 1603 790 1637 muria
817 1602 883 1637 diu
911 1613 1114 1649 respersus
1139 1602 1176 1637 in
1203 1600 1395 1639 codicibus
1424 1601 1521 1638 Mss.
1549 1611 1636 1639 sunt
1661 1603 1822 1640 haecce:
1849 1605 1888 1639 in
1914 1602 2073 1652 Reg.11.

382 1670 575 1705 moriatur
617 1673 825 1714 aspertus,
883 1668 920 1701 in
956 1666 1110 1702 Monac.
1153 1670 1277 1703 muris
1318 1669 1451 1704 adurit
1484 1674 1648 1716 partus,
1698 1669 1737 1704 in
1779 1666 1900 1704 Vatic.
1948 1671 2076 1706 muria

384 1736 501 1769 duros
535 1738 689 1780 partus.
741 1731 784 1768 In
819 1732 984 1768 lectione
1018 1731 1174 1781 vulgata
1217 1732 1353 1769 vocula
1388 1734 1476 1776 diu,
1521 1746 1616 1780 quae
1651 1734 1821 1780 quidem,
1864 1734 1918 1778 si,
1961 1741 2003 1769 ut
2036 1734 2073 1769 in

383 1798 558 1844 exemplo
595 1798 693 1833 infra
729 1797 848 1834 allato
884 1800 944 1834 die
981 1804 1019 1835 et
1054 1803 1189 1842 nocte,
1227 1811 1308 1834 cum
1345 1797 1461 1834 verbo
1498 1810 1703 1835 macerare
1729 1804 1831 1833 esset
1859 1799 2074 1845 conjuncta,

384 1865 480 1899 bene
508 1876 549 1899 se
578 1862 749 1907 haberet,
775 1876 858 1898 cum
886 1865 1084 1909 participio
1113 1875 1315 1911 respersus
1351 1862 1451 1898 haud
1481 1863 1671 1897 convenit.
1737 1861 1882 1897 Idcirco
1910 1862 2074 1899 scribas:

381 1932 507 1965 muria
533 1930 637 1964 dura
663 1940 836 1976 sparsus.

530 1994 674 2029 Μανία
708 1995 810 2029 dura
848 1994 943 2038 apud
984 2000 1152 2028 nostrum
1188 1992 1338 2039 quidem
1364 2005 1438 2029 non
1464 1992 1646 2029 occurrit:
1686 1990 1754 2026 sed
1780 1991 1877 2036 apud
1906 1990 2074 2037 Celsum,

383 2058 448 2093 lib.
464 2056 530 2094 IV.
543 2062 578 2094 9.
606 2058 755 2094 edenda
781 2063 876 2093 sunt
900 2060 1145 2094 salsamenta
1168 2058 1230 2102 vel
1256 2058 1364 2093 ozeae
1388 2070 1441 2093 ex
1469 2058 1632 2093 muria
1658 2058 1797 2092 dura.
1830 2075 1878 2081 -
1899 2055 1990 2092 ibid.
2008 2055 2074 2093 lib.

382 2122 452 2159 IX.
493 2126 549 2159 15.
584 2124 837 2171 portulacam
870 2125 932 2160 vel
963 2131 1114 2160 coctam
1148 2121 1210 2159 vel
1243 2135 1295 2160 ex
1323 2124 1449 2161 dura
1476 2125 1643 2159 muria
1669 2122 1800 2159 edisse.
1827 2141 1876 2147 —-
1915 2129 1953 2157 et
1978 2122 2075 2167 apud

384 2189 650 2233 Columellam,
677 2189 723 2224 de
750 2202 791 2224 re
829 2191 967 2224 rustica
1000 2188 1067 2224 lib.
1096 2187 1162 2223 VI.
1199 2199 1281 2232 cap.
1311 2191 1369 2223 30.
1396 2188 1434 2221 in
1461 2186 1557 2221 fine:
1597 2187 1728 2221 deinde
1753 2187 1890 2222 alvum
1916 2188 2077 2223 marina

381 2267 486 2301 aqua
522 2255 583 2289 vel
607 2255 772 2289 muria
806 2254 935 2290 dura
961 2255 1104 2290 lavare.
1131 2272 1179 2279 ——
1204 2250 1295 2288 ibid.
1322 2251 1389 2288 lib.
1415 2249 1507 2288 XII.
1534 2262 1616 2297 cap.
1641 2255 1678 2286 4.
1704 2251 1743 2286 in
1768 2250 1867 2295 fine,
1905 2253 2077 2289 maxime

383 2324 513 2356 autem
540 2320 592 2355 ad
616 2320 688 2355 hoc
713 2319 779 2362 (ad
806 2318 979 2365 salgama
1006 2318 1197 2361 facienda)
1223 2318 1487 2354 necessarium
1514 2328 1595 2352 esse
1620 2318 1718 2353 aceti
1743 2322 1780 2351 et
1804 2316 1962 2354 durae
1986 2329 2075 2352 mu·

380 2386 489 2421 riae
521 2396 696 2420 usum.—
727 2382 816 2418 ibid.
853 2395 935 2428 cap.
962 2386 997 2418 6.
1033 2384 1254 2419 Mur-iam
1287 2383 1458 2417 duram
1482 2383 1537 2417 sic
1554 2378 1699 2429 facito.
1723 2399 1771 2406 -
1808 2379 1900 2415 ibid.
1928 2392 2010 2426 cap.
2037 2383 2073 2416 7.

380 2447 594 2496 superfusa
636 2448 759 2483 dura
800 2450 958 2483 muria
983 2448 1178 2485 lavantur.
1212 2465 1262 2474 —-
1291 2452 1329 2482 et
1359 2445 1475 2482 infrat
1515 2445 1617 2482 Sunt
1650 2448 1717 2494 qui
1749 2451 1878 2482 rutam
1911 2448 2075 2482 muria

384 2520 533 2550 tantum
558 2514 684 2549 dura
721 2514 804 2548 sine
839 2521 945 2549 aceto
984 2514 1171 2548 condiant.
1208 2531 1257 2538 ——
1286 2510 1378 2545 ibid.
1418 2522 1499 2556 cap.
1541 2514 1576 2547 9.
1618 2518 1662 2546 ut
1676 2508 1827 2560 faseoli
1851 2510 1990 2547 virt‘des
2014 2511 2074 2545 in·

383 2582 479 2630 tegri
514 2579 835 2627 interponantur,
872 2591 971 2627 quos
1004 2581 1108 2627 ipsos
1139 2583 1226 2615 ante
1263 2577 1389 2614 dura
1418 2578 1575 2614 muria
1598 2578 1658 2614 die
1683 2582 1722 2614 et
1747 2586 1857 2614 nocte
1881 2588 2076 2613 macerare

387 2646 588 2692 oportebit.
619 2665 667 2669 —
717 2642 801 2679 Non
830 2645 944 2692 igitur
971 2651 1041 2687 est,
1069 2643 1166 2689 quod
1193 2642 1251 2678 illi
1279 2642 1376 2678 hanc
1402 2642 1604 2679 dictionem
1629 2642 1822 2678 vindicare
1849 2640 2072 2677 dubitemus.
