2290 3201
1207 277 1262 321 26

391 422 475 456 cap.
512 413 595 445 146.
636 410 755 452 (156.)
827 405 986 455 Ταύτης
1018 404 1076 441 τὰ
1106 403 1217 455 ἄνθη
1252 405 1343 443 λεῖα
1377 404 1457 443 σύν
1493 405 1669 458 κῃρωτῇ
1706 401 1972 457 οἰδήματα
2004 407 2078 445 καὶ

393 472 520 522 σκλ»)
531 471 587 521 ρι’
595 484 646 513 ας
683 467 896 522 διαφορεῖ,
936 477 974 506 et
1009 469 1179 507 Galenus
1213 470 1260 506 de
1292 469 1435 517 simpll.
1463 471 1591 507 medd.
1627 471 1775 508 facultt.
1809 471 1879 508 lib.
1912 471 1981 509 Vl.
2015 473 2076 509 ed.

394 537 523 575 Chart.
558 536 637 573 vol.
671 534 785 573 XIII.
820 547 907 585 pag.
943 537 1025 572 165.
1066 534 1195 584 μέχρι
1227 533 1307 572 τοῦ
1339 533 1411 572 καὶ
1437 532 1638 585 calypsus
1672 535 1817 574 Mesae
1842 536 2078 587 μιγνύμενα

393 601 568 653 κῃρωτῇ
594 613 670 637 vox
695 609 912 637 steatomata
939 601 1062 635 minus
1088 600 1279 643 convenit,
1306 611 1417 645 quam
1435 599 1691 637 scir-rhama.
1717 600 1851 648 ltaque
1875 601 1962 637 dum
1986 601 2078 637 mihi

389 666 543 714 cognita
579 665 718 700 fuerint
757 676 827 709 ea,
867 675 963 711 quae
1002 675 1026 698 a
1059 664 1196 700 ceteris
1234 663 1394 699 vetustis
1433 660 1541 707 libri·
1567 661 1666 700 Mus.
1691 664 1955 710 exhibeantur,
1981 664 2079 702 hanc

393 742 473 767 rem
504 731 541 766 in
581 729 705 766 medio
738 727 980 775 relinquens,
1019 739 1118 764 nunc
1139 729 1247 765 -satis
1282 727 1404 765 habeo
1432 727 1639 765 lectionum
1671 737 1949 776 corruptarum,
1985 743 2078 777 quas

394 807 442 830 ex
470 794 662 829 codicibus
689 791 787 826 Μαι.
814 793 991 836 enotavi,
1027 804 1087 827 me
1112 793 1324 828 ostendisse
1350 791 1547 840 originem·

585 855 674 893 Lib.
699 854 848 893 XXVI.
877 864 966 894 ante
991 856 1089 902 med,
1118 869 1201 904 cap.
1228 861 1286 899 ⁷.;
1313 864 1421 893 sectt.
1450 860 1510 894 19.
1537 863 1576 893 et
1600 860 1662 893 20.

537 925 691 959 Acon-on
717 922 883 970 jocineri
912 923 1090 965 medetur-5
1115 922 1266 959 thoraci
1286 935 1439 972 qaoque,
1463 930 1500 958 et
1520 923 1764 970 praecordiis.
1813 923 2016 970 Ephedm-
2031 923 2079 960 ab

485 988 571 1024 aliis
594 988 773 1024 anabasis
795 993 932 1037 vocqtta
958 994 1031 1021 etc.

393 1051 609 1088 Harduinus
635 1053 674 1089 in
702 1053 823 1089 notis:
859 1051 1000 1097 „Prius
1024 1050 1243 1100 legebatur,
1268 1052 1410 1097 inquit,
1438 1053 1601 1094 canaan,
1625 1063 1720 1098 qaae
1743 1059 1781 1088 et
1805 1051 1979 1098 ephedra,
2006 1059 2078 1088 etc.

394 1116 470 1152 Sed
506 1117 652 1162 priores
682 1129 796 1153 voces
829 1116 924 1152 nulli
957 1116 1107 1151 codices
1140 1115 1237 1152 Mss.
1275 1114 1480 1159 exhibent,
1523 1126 1570 1150 ne
1604 1116 1643 1150 in
1667 1115 1791 1151 indice
1817 1116 2007 1162 quidem.“
2032 1135 2075 1141 -

395 1182 445 1218 At
471 1182 510 1216 in
539 1180 660 1230 Regio
686 1179 739 1216 11.
767 1188 845 1217 est:
889 1192 1038 1216 caucum
1068 1180 1254 1226 ephedra,
1295 1180 1334 1214 in
1358 1178 1534 1216 Riccard.
1561 1179 1891 1227 caucemepbedra,
1927 1181 1966 1217 in
1993 1179 2079 1216 Mo-

395 1247 570 1282 nacensi:
602 1247 760 1282 caucam
783 1257 881 1292 quae
905 1253 942 1279 et
964 1244 1129 1290 ephedra
1155 1243 1270 1286 (infra
1295 1244 1435 1279 omisso
1462 1245 1635 1279 nomine:
1663 1243 1874 1290 anabasis).
1898 1264 1946 1272 —
1978 1242 2080 1288 Quo-

396 1324 474 1348 rum
509 1310 606 1355 hoc,
646 1309 744 1357 quod
780 1309 828 1345 ad
860 1308 1064 1345 lectionem
1096 1307 1287 1357 vulgatam
1313 1309 1485 1354 proxime
1511 1309 1676 1353 accedit,
1716 1321 1792 1345 non
1816 1317 1920 1345 recte
1946 1321 1988 1345 se
2014 1309 2080 1345 ha·

395 1377 482 1411 bere
505 1387 576 1423 ego
602 1381 639 1409 et
659 1375 740 1420 ipse
756 1372 848 1409 mihi
863 1372 986 1409 habeo
999 1383 1233 1419 persuasum,
1260 1383 1372 1419 quum
1385 1373 1500 1409 etiam
1512 1371 1588 1410 h.l.
1605 1385 1688 1420 cap.
1704 1376 1763 1411 13.
1774 1374 1878 1416 init.;
1903 1381 1996 1410 sect.
2020 1377 2079 1412 83.

394 1442 562 1488 legatur:
600 1440 679 1476 Alii
703 1440 895 1485 hippurim
919 1438 985 1472 alii
1005 1438 1218 1484 ephedron,
1254 1437 1324 1472 alii
1357 1437 1537 1473 ambasia
1566 1446 1721 1474 vocant:
1756 1439 1925 1484 ephedra
1958 1445 2082 1473 autem

392 1504 474 1539 sive
500 1503 703 1551 ephedron,
730 1513 880 1538 caucum
904 1499 968 1537 vel
994 1513 1143 1538 caucum
1179 1498 1371 1549 appellata
1397 1513 1482 1539 esse
1508 1513 1691 1550 nusquam
1714 1502 1894 1540 tradatur.
1950 1501 2082 1551 Neque

394 1581 485 1604 vero
521 1570 673 1603 omnino
711 1567 943 1613 repudianda
975 1574 1084 1610 sunt,
1125 1578 1220 1612 quae
1259 1578 1309 1601 ex
1346 1566 1432 1601 aliis
1471 1565 1550 1601 illis
1577 1566 1684 1601 codd.
1712 1565 1809 1602 Mss.
1836 1565 2081 1612 protulimus:

394 1632 426 1666 si
458 1632 558 1667 enim
583 1643 649 1678 pro
676 1630 746 1667 illo
773 1643 921 1668 caucum
946 1629 1090 1667 scribas
1116 1631 1289 1674 daucum,
1321 1629 1434 1677 idque
1469 1642 1552 1667 cum
1587 1630 1892 1666 antecedentibus
1927 1633 2081 1678 conjun-

394 1708 485 1744 gas,
524 1708 599 1731 non
636 1703 694 1730 est
727 1696 827 1741 quod
860 1695 1162 1741 reprehendaris.
1224 1692 1397 1741 Namque
1428 1694 1469 1730 in
1503 1692 1574 1729 hoc
1598 1705 1700 1729 nexu
1723 1692 1818 1730 illud
1843 1706 1980 1731 nomen
2008 1707 2082 1732 non

396 1761 517 1808 magis
545 1759 707 1796 debebat
732 1760 771 1796 in
796 1761 916 1806 primo
944 1758 1042 1796 libro
1070 1760 1374 1803 commemorari,
1409 1771 1519 1805 quam
1545 1772 1707 1801 acoron,
1734 1760 1855 1805 quod,
1881 1767 1922 1795 ut
1946 1761 1986 1795 in
2012 1761 2083 1796 hoc

396 1824 483 1860 loco
510 1824 722 1870 praeeedit,
747 1825 800 1860 ita
828 1825 943 1860 etiam
968 1825 1007 1859 in
1033 1822 1285 1870 compluribus
1307 1823 1398 1860 aliis
1423 1835 1499 1861 una
1524 1835 1607 1861 cum
1631 1824 1747 1861 dauco
1775 1826 1948 1862 occurrit.
2003 1824 2081 1863 cfr.

395 1891 433 1925 in
461 1889 534 1925 hoc
561 1889 683 1926 libro:
710 1902 791 1935 cap.
818 1893 852 1925 5.
881 1896 1065 1930 extrem.;
1095 1896 1188 1924 sect.
1217 1892 1274 1925 15.
1303 1890 1469 1925 Pectoris
1493 1889 1683 1925 doloribus
1709 1915 1719 1924 .
1747 1915 1757 1926 .
1782 1902 1975 1926 acorum
1999 1893 2082 1928 sub·

394 1956 494 1988 venit
522 1978 532 1989 .
558 1978 569 1989 .
596 1978 606 1988 .
645 1953 757 1988 Tassi
789 1954 986 1990 daucum.
1020 1973 1069 1980 -—
1106 1965 1188 2000 cap.
1226 1956 1261 1989 8.
1297 1952 1422 1995 med.;
1465 1959 1557 1989 sect.
1593 1955 1655 1990 47.
1692 1954 1774 1992 atem
1806 1957 1947 1992 acori
1969 1957 2082 1994 radix

394 2019 674 2055 daucamve.
701 2037 750 2045 -—-
782 2030 862 2064 cap.
901 2022 958 2055 13.
996 2018 1064 2054 sub
1090 2017 1179 2059 fin.;
1215 2024 1309 2062 sect,
1337 2020 1395 2055 85.
1421 2020 1565 2055 acori
1588 2019 1728 2061 radix,
1756 2044 1766 2055 .
1792 2044 1803 2056 .
1831 2045 1841 2055 .
1876 2022 2083 2059 daucum

394 2084 562 2121 crudam.
586 2102 636 2109 —-
669 2094 753 2128 cap.
792 2084 848 2118 15.
883 2083 1004 2124 med.;
1044 2089 1138 2118 sect.
1173 2085 1235 2119 90.
1268 2083 1478 2118 Danaam
1502 2091 1538 2118 et
1564 2095 1707 2119 menses
1731 2091 1768 2118 et
1790 2086 1972 2123 secundas
1991 2096 2082 2133 potu

384 2147 566 2192 facillime
588 2147 693 2193 pellit
712 2173 744 2182 ..
758 2172 768 2182 .
797 2151 991 2183 Acon-on
1014 2159 1161 2195 qaoque
1184 2147 1273 2183 utile
1296 2155 1351 2183 est
1374 2147 1610 2184 interioribus
1630 2145 1846 2195 feminarum
1869 2148 2015 2186 morbis.
2036 2170 2084 2177 —

393 2211 481 2247 Lib.
508 2209 617 2248 XIV.
662 2224 743 2258 cap.
774 2215 832 2248 16.
874 2211 942 2247 sub
977 2212 1064 2254 fin.;
1101 2220 1194 2248 sect.
1222 2215 1281 2248 19.
1308 2215 1345 2248 6.
1388 2213 1425 2248 Β
1449 2211 1645 2247 stoechade
1668 2237 1679 2249 .
1705 2239 1716 2249 .
1743 2238 1753 2248 .
1786 2215 1940 2250 dauco
1967 2240 1977 2252 .
2000 2233 2009 2252 ι
2036 2241 2047 2252 .
2071 2241 2084 2253 .

393 2289 555 2312 acor-0.
581 2296 629 2301 —-
690 2276 928 2325 Suffragatur
964 2283 1115 2311 nostrae
1154 2276 1411 2313 emendationi
1443 2273 1690 2313 Dioscorides
1726 2290 1895 2326 quoque,
1938 2281 2001 2327 qui
2037 2281 2083 2317 de

393 2342 481 2376 vino
516 2341 665 2376 daucite
704 2340 816 2386 dicit,
861 2340 949 2376 Lib.
985 2339 1033 2376 V.
1071 2353 1153 2388 cap.
1189 2345 1251 2380 70.
1284 2343 1398 2378 ποιεῖ
1432 2336 1473 2377 δὲ
1506 2340 1610 2390 πρός
1639 2340 1793 2383 πόνους
1826 2342 2083 2393 θώρακος,

394 2405 606 2450 ύποχον
621 2402 680 2454 δρ
695 2406 753 2443 ίω
766 2420 809 2449 ν,
835 2404 989 2454 ύςὲρας,
1014 2406 1068 2442 ita
1092 2414 1133 2442 ut
1158 2407 1198 2443 id
1223 2414 1367 2442 tantum
1392 2405 1535 2452 aliquid
1559 2405 1791 2442 difficultatis
1819 2408 1966 2452 afferat,
1992 2421 2083 2455 quo-

395 2470 506 2505 modo
532 2469 629 2505 illud
654 2471 806 2506 daucum
830 2470 1043 2506 sententiae
1069 2470 1311 2517 praecedenti
1336 2470 1588 2507 adnectamur.
1653 2469 1706 2508 Ut
1742 2484 1840 2509 nunc
1864 2484 1926 2509 res
1951 2485 1993 2509 se
2016 2472 2084 2510 ha-

396 2534 483 2578 bet,
522 2534 605 2570 fieri
632 2547 707 2570 non
734 2542 860 2580 potest
886 2533 965 2570 alia
991 2536 1162 2580 ratione,
1199 2549 1310 2582 quam
1334 2543 1375 2571 ut
1399 2535 1628 2572 scribamus:
1654 2539 1808 2574 ,Ae-oron
1828 2538 1991 2587 jocineri
2011 2551 2083 2573 me·

396 2598 523 2634 detur:
549 2599 699 2635 thoraci
720 2612 865 2648 quoque
891 2607 927 2634 et
947 2600 1176 2646 praecordiis
1204 2600 1384 2637 daucum.-
1410 2601 1464 2636 ita
1489 2613 1579 2636 vero
1605 2600 1700 2637 illud
1724 2615 1867 2650 quoque
1891 2610 1949 2639 est
1973 2602 2106 2648 plane
