2290 3201
1136 337 1164 378 4

395 462 595 498 Librorum
620 461 735 509 igitur
760 473 873 497 mann
899 462 1144 507 scriptorum,
1179 460 1312 508 quibu·
1339 474 1493 509 operam
1517 461 1725 507 navabam‚
1759 465 1898 510 primus
1925 464 1994 499 fnit

300 526 423 563 codex
458 525 832 570 Riccardianus,
869 538 978 572 quem
1010 526 1083 561 viri
1118 524 1269 572 quidam
1304 525 1406 562 docti
1430 526 1465 572 ')
1498 528 1663 563 omnium
1698 528 1992 564 vetustissimum

298 592 421 638 putari
446 591 671 635 retulerunt,
698 589 909 626 Bandinius
930 602 1036 634 vero,
1062 590 1125 637 qui
1149 590 1189 625 in
1214 588 1471 626 bibliothecae
1494 589 1695 628 Mediceae
1713 591 1996 629 Laurentianae

299 655 469 691 codicum
494 655 721 691 Latinorum
747 654 924 704 catalogo
952 667 1037 691 eum
1064 655 1286 701 descripsit,
1319 662 1423 691 recte
1459 654 1558 692 hand
1593 656 1705 693 dubie
1737 657 1893 694 saeculo
1920 655 1991 694 IX.

299 728 497 758 exaratum
514 721 691 768 prodidit.
727 719 812 763 Quo
835 723 983 768 penitus
1005 734 1170 757 excusso
1194 728 1233 757 et
1246 720 1586 758 Laurentiano
1606 722 1725 768 (Plut.
1744 726 1804 760 87.
1819 722 1940 759 Codd.
1961 727 1994 759 1.

299 795 337 824 et
352 791 389 823 2.
412 800 516 823 saec.
539 785 683 831 XIII.),
711 799 820 833 quem
836 787 936 824 idem
952 786 1020 824 ille
1039 786 1250 825 Bandinius
1269 785 1297 822 l.
1313 784 1341 822 l.
1369 798 1448 831 „ex
1466 785 1718 824 Riccardiano
1737 788 1994 834 proflnxisse“

299 853 467 896 censuit,
515 859 691 899 quantum
725 851 956 897 temporibus
991 851 1203 888 subsecivis
1236 851 1319 888 fieri
1355 852 1498 898 potuit,
1533 854 1774 898 examinato,
1811 866 1920 900 quum
1948 856 1995 891 de

299 917 545 964 exsequenda
572 916 754 960 mandati,
792 916 891 964 quod
916 916 1008 952 mihi
1035 916 1162 954 datum
1190 924 1296 962 erat,
1327 924 1433 963 parte
1460 915 1582 952 altera
1608 929 1659 953 ex
1684 918 1806 964 patria
1832 919 1994 954 nondum

298 982 433 1018 literae
469 983 515 1017 ad
549 994 608 1017 me
643 990 774 1017 essent
807 981 969 1026 allatae,
1013 981 1113 1018 ultro
1146 984 1219 1018 iter
1252 982 1442 1018 Romam
1476 983 1649 1027 perrexi,
1686 982 1749 1017 ubi
1784 995 1833 1018 ex
1868 983 1995 1020 multis

246 1076 249 1082 ,
298 1046 404 1083 libris
432 1045 528 1082 Mss.
556 1047 595 1081 in
622 1045 864 1083 bibliothecis
891 1045 1094 1091 Vaticana,
1122 1045 1334 1083 Barberina
1359 1055 1397 1083 et
1414 1046 1601 1096 Angelica
1626 1060 1648 1083 a
1673 1060 1732 1083 me
1756 1047 1994 1093 perlustratis

297 1125 391 1148 unus
425 1110 698 1148 Vaticanus
735 1110 803 1147 Nr.
829 1115 962 1156 3861„
1002 1125 1110 1159 quem
1136 1111 1334 1148 Harduino
1360 1113 1612 1161 incognitum,
1651 1114 1860 1159 „majorem
1887 1126 1996 1159 quam

298 1183 445 1212 ceteros
471 1175 682 1212 vaticanos
710 1189 800 1223 prae
826 1189 869 1212 se
897 1177 996 1212 serre
1023 1180 1214 1213 aetatem“
1241 1176 1394 1215 tradidit
1422 1175 1468 1212 G.
1495 1175 1639 1225 Zoe'ga,
1665 1175 1810 1212 saeculi
1834 1174 1906 1212 XI.
1934 1176 1993 1212 vel

295 1240 411 1286 XII„
452 1241 570 1277 Plinii
596 1239 791 1277 Naturalis
818 1241 1015 1277 Historiae
1051 1240 1169 1278 libros
1203 1243 1438 1291 undeviginti
1472 1243 1617 1288 priores
1650 1243 1868 1287 continens,
1904 1243 1995 1278 mihi

298 1306 503 1342 videbatur
531 1307 680 1355 dignus,
708 1307 767 1341 cui
794 1306 909 1341 breve
936 1307 973 1342 id
1001 1307 1180 1352 temporis
1206 1307 1381 1352 spatium,
1407 1307 1507 1353 quod
1533 1305 1624 1342 mihi
1651 1318 1873 1343 concessum
1900 1315 1995 1352 erat,

298 1371 478 1406 dicarem.
530 1370 670 1406 Libros
699 1383 780 1414 eoS,
809 1382 902 1417 qnos
930 1372 969 1406 in
996 1370 1247 1406 Riccardiano
1268 1371 1505 1407 desideratos
1521 1371 1592 1416 m)
1613 1373 1652 1407 in
1673 1370 1745 1407 hoc
1763 1373 1995 1418 inveneram,

298 1442 575 1480 perscrutatus,
615 1448 725 1482 quum
752 1435 871 1471 feriae
900 1436 1069 1471 aestivae
1097 1435 1340 1480 advenirent,
1376 1433 1634 1481 Neapolim
1666 1448 1725 1472 me
1753 1436 1919 1480 contuli,
1955 1444 1995 1472 ut

296 1499 554 1535 bibliothecae
591 1502 720 1548 regiae
756 1512 786 1535 S.
822 1500 1130 1542 Burbonicae
1165 1500 1316 1535 codices
1351 1497 1449 1535 Mss.
1485 1501 1731 1545 inspicerem,
1766 1503 1805 1536 in
1840 1513 1994 1547 quorum

296 1577 395 1610 uno,
431 1567 495 1613 qui
528 1567 699 1615 signatus
735 1574 793 1602 est
828 1564 876 1602 V.
904 1579 939 1602 a.
960 1571 1019 1611 4.‚
1051 1567 1091 1602 in
1116 1567 1235 1612 prima
1261 1566 1398 1614 pagina
1424 1564 1502 1614 legi
1527 1566 1716 1612 adscripta
1742 1568 1798 1609 (ut
1825 1579 1920 1612 quae
1948 1566 1994 1601 ad

297 1642 376 1665 rem
402 1631 618 1677 pertineant
647 1638 789 1666 tantum
815 1632 987 1675 afferam)
1016 1630 1174 1666 haecce:

492 1696 708 1740 „Antonius
738 1695 875 1732 Comes
903 1709 925 1731 a
953 1694 1074 1731 Turre
1102 1695 1321 1738 Rezzonid,
1357 1695 1419 1741 qui
1445 1701 1500 1729 tot
1526 1693 1723 1730 Plinianos
1750 1694 1901 1730 codices
1927 1708 1995 1740 per

394 1760 609 1795 universam
636 1759 800 1803 Italiam,
838 1759 1018 1803 Galliam,
1053 1758 1292 1804 Hispaniam,
1321 1758 1561 1795 Germaniam
1588 1757 1789 1806 diligenter
1813 1759 1994 1804 inspexit,

399 1825 585 1859 neminem
603 1828 614 1866 (
629 1825 662 1868 ἔ)
690 1824 777 1859 huic
793 1825 864 1858 rite
880 1824 1170 1869 comparandum
1187 1825 1344 1859 invenit.
1370 1822 1468 1860 Nam
1491 1824 1582 1860 licet
1604 1835 1723 1858 annos
1748 1830 1995 1869 quatuorcen-

397 1894 473 1922 tum
495 1890 618 1932 (sic!)
645 1890 794 1925 circiter
815 1888 990 1924 redolere
1010 1887 1196 1932 videatur,
1223 1895 1328 1924 tanto
1350 1887 1495 1935 judicio
1521 1888 1712 1923 variantes
1734 1887 1783 1931 (ἓ)
1809 1886 1993 1923 lectiones

395 1963 463 1986 seu
498 1954 621 1997 potius
657 1955 768 1988 unica
802 1960 838 1987 et
871 1964 975 1988 mera
1001 1951 1117 1988 Plinii
1152 1964 1258 1988 mens
1283 1953 1323 1987 in
1347 1952 1538 1998 plerisque
1564 1952 1796 1994 restituitur,
1833 1958 1873 1986 ut
1899 1950 1995 1987 haec

380 2113 412 2151 ⁰)
441 2113 610 2144 Antonin·
638 2115 709 2145 Jos.
740 2116 859 2146 Comes
889 2126 906 2145 a
939 2115 1079 2145 Turre
1110 2113 1384 2149 antonici,
1419 2112 1600 2154 disquisit&
1622 2113 1732 2144 Plinn.
1762 2112 1831 2144 vol.
1854 2113 1896 2143 11.
1918 2123 1994 2155 pag.

438 2167 508 2202 246.
530 2184 573 2193 —
615 2169 739 2212 Georg.
760 2169 927 2212 Zoiiga,
962 2169 1003 2201 de
1038 2169 1121 2212 orig.
1153 2174 1185 2199 et
1213 2178 1278 2199 utu
1311 2168 1486 2200 obeliscor.
1519 2178 1593 2211 pag.
1622 2175 1653 2211 9.
1685 2173 1716 2199 et
1743 2167 1798 2204 Jo.
1828 2167 1993 2200 Andros

439 2223 611 2265 Hispanus
634 2225 668 2256 in
692 2226 952 2262 commentariis,
973 2236 1059 2267 quos
1080 2225 1121 2256 de
1142 2225 1258 2256 itinere
1279 2225 1395 2257 Italico
1415 2235 1506 2256 anno
1522 2230 1599 2261 ¹785
1613 2231 1766 2266 nuscepto
1782 2225 1995 2266 eoncuripuit,

440 2279 474 2309 in
496 2279 648 2321 linguam
672 2280 904 2311 Germanicam
924 2280 1027 2311 verti·
1048 2281 1090 2311 ab
1112 2281 1149 2310 E.
1170 2282 1208 2312 A.
1233 2279 1379 2311 schmid.
1400 2279 1467 2310 vol.
1488 2280 1514 2310 1.
1539 2290 1613 2322 pag.
1634 2279 1685 2315 46.

358 2360 409 2397 ‘⁰)
436 2358 512 2390 vol.
536 2359 579 2389 11.
601 2344 697 2402 pagg.
724 2360 784 2395 1⁸6
803 2372 853 2403 eq.

334 2437 403 2475 Ι”·)
432 2437 471 2467 ln
496 2447 535 2468 eo
557 2437 642 2469 liber
663 2440 687 2469 1.
710 2440 809 2471 initio
831 2446 865 2471 et
884 2440 951 2471 fine
972 2440 1107 2471 mutilus
1129 2445 1195 2476 eon
1217 2440 1296 2470 item
1315 2439 1402 2471 liber
1422 2439 1551 2470 xl1.—
1570 2437 1665 2470 Libri
1685 2438 1774 2469 xm.
1794 2437 1870 2468 finit
1890 2444 1936 2469 est
1957 2439 1993 2469 in

438 2499 519 2524 sect.
548 2500 598 2530 27.
630 2511 670 2519 ·-
718 2496 866 2536 Quartus
897 2495 1042 2527 decimu·
1069 2502 1102 2528 et
1128 2501 1305 2538 sequentes
1325 2495 1403 2527 libri
1423 2505 1530 2537 usque
1550 2494 1592 2526 nd
1613 2494 1810 2527 viee-imum
1832 2494 1991 2536 primum.

439 2549 520 2580 libri
543 2550 646 2581 xxn.
671 2550 747 2581 finis
768 2561 842 2581 cum
865 2550 958 2581 libris
980 2552 1094 2583 xxm.
1116 2558 1148 2583 et
1158 2551 1275 2582 xxw.
1298 2557 1330 2582 et
1348 2551 1429 2582 libri
1448 2551 1552 2582 XXV.
1572 2550 1670 2581 initio
1691 2549 1821 2582 desunt.
1836 2568 1876 2574 —
1897 2551 1993 2583 Libri

438 2606 554 2638 xxw.
588 2606 717 2638 xxvn.
752 2612 784 2638 et
812 2606 946 2637 XXXV.
979 2607 1088 2639 mutili
1118 2611 1208 2638 sunt.
1229 2623 1268 2630 —
1324 2606 1419 2639 Fini·
1439 2606 1516 2639 libri
1538 2606 1684 2639 xxxw.
1705 2612 1754 2638 eet
1775 2607 1809 2638 in
1833 2613 1910 2639 tect.
1932 2612 1991 2644 1033

440 2661 597 2705 idemque
617 2663 722 2695 totius
744 2661 884 2695 codicis.
