2290 3201
1011 268 1059 304 11

335 392 543 437 Permultos
570 398 764 438 praeterea
788 389 974 426 inferioris
1002 389 1136 423 aetatis
1163 386 1278 423 libros
1307 397 1417 421 manu
1440 386 1596 430 scriptos
1623 385 1771 430 inspexi
1788 411 1798 427 ,
1826 386 1861 418 in

195 460 352 508 quibus,
392 470 501 504 quum
536 456 617 502 plus
651 457 770 491 minus
799 467 927 491 omnes
963 466 986 489 a
1011 452 1172 490 librariis
1198 451 1260 488 vel
1288 464 1311 489 a
1339 448 1611 487 correctoribus
1638 449 1865 494 depravatos

198 525 310 562 Plinii
336 534 427 569 opus
452 522 491 557 in
515 521 699 567 integrum
723 520 937 555 restituturo
965 529 1031 553 eos
1059 515 1156 556 haud
1181 526 1356 564 magnam
1374 525 1484 559 opem
1502 513 1582 550 fore
1600 512 1741 549 laturos
1757 511 1867 548 intel-

199 591 405 630 lexissem,
439 586 599 620 studium
633 596 753 618 meum
790 583 978 618 collocare
1014 581 1129 616 nolui.
1163 599 1211 607 —-
1268 578 1388 614 Paulo
1415 577 1491 612 alia
1518 584 1575 611 est
1602 577 1740 611 codicis
1767 589 1866 611 saec.

203 652 288 691 XV.
317 650 477 694 exarati,
504 648 727 692 nitidissimi,
753 660 802 683 ex
827 645 1056 683 monasterio
1075 643 1309 692 pollingensi
1334 639 1644 678 Monachium
1670 639 1708 674 in
1735 638 1868 674 biblio-

202 716 350 752 thecam
375 715 518 763 regiam
544 712 727 759 deportati
753 710 940 753 conditio,
967 710 1006 743 in
1033 710 1135 756 cujus
1161 708 1235 743 fine
1262 707 1422 755 legitur:

347 780 478 824 „Laus
505 778 603 822 Deo,
635 777 678 814 C.
705 777 819 813 Plinii
846 774 1009 811 Secundi
1033 772 1223 810 Naturalis
1249 772 1428 808 historiae
1453 771 1628 807 volumen
1656 769 1703 804 ab
1730 770 1867 814 optimo

300 842 507 889 exemplari
533 842 682 878 editum.
724 838 833 883 Quod
859 837 1096 874 emendatum
1121 837 1189 872 fuit
1214 848 1280 883 per
1304 834 1623 882 praeclarissimos
1651 834 1751 868 viros
1772 832 1871 867 Gua-

297 910 417 943 tinum
441 907 700 943 Veronensem
732 912 769 939 et
794 903 981 938 Thomam
1007 903 1052 937 de
1078 901 1275 937 Vincentia
1302 899 1501 935 Guilielmo
1530 898 1686 943 Capello
1715 899 1869 943 coadju-

301 979 417 1009 tante.
467 970 576 1008 Anno
603 968 743 1006 domini
770 993 781 1003 .
810 993 819 1002 .
847 992 857 1002 .
886 963 1127 1005 CCCCLIX.

350 1035 470 1071 Nonis
497 1033 724 1079 Septembris
752 1031 927 1076 Explicit.

1103 1092 1285 1130 «Andreas
1313 1091 1359 1128 de
1387 1087 1531 1138 Caligis
1557 1086 1776 1125 Notarius.“

210 1165 267 1198 Ex
303 1164 442 1209 duplici
475 1162 578 1196 fonte
613 1161 684 1195 hoc
719 1159 910 1204 exemplar
943 1160 1097 1194 fluxisse
1132 1158 1371 1192 manifestum
1407 1162 1481 1188 est:
1520 1166 1604 1188 nam
1639 1154 1732 1187 libro
1759 1156 1873 1200 primo

205 1230 344 1265 omisso
390 1241 441 1264 se
458 1239 542 1263 cun
558 1226 640 1264 dus
676 1226 713 1260 in
747 1238 791 1260 eo
827 1224 1038 1261 inscribitur
1062 1224 1243 1270 primus
1259 1248 1269 1266 ,
1309 1228 1346 1256 et
1372 1219 1432 1266 qui
1458 1231 1541 1254 eum
1566 1224 1768 1264 sequuntur
1793 1216 1875 1252 libri

208 1305 325 1340 usque
354 1292 401 1328 ad
428 1289 870 1327 duodevicesimum
894 1289 947 1324 ita
972 1294 1237 1331 munerantur,
1263 1292 1302 1321 ut
1329 1284 1390 1320 hic
1414 1284 1461 1318 sit
1488 1282 1721 1328 septimus
1752 1283 1875 1317 deci-

206 1368 326 1400 mus,
354 1363 439 1390 ante
465 1368 757 1401 unumquemque
784 1363 847 1390 aut
872 1354 1078 1401 argumenti
1105 1360 1142 1387 et
1167 1359 1358 1387 auctorum
1375 1347 1558 1384 indicibus
1577 1348 1787 1393 adscriptis,
1817 1356 1879 1382 aut

208 1420 329 1464 spatio
354 1419 402 1454 ad
427 1432 492 1456 eos
518 1419 737 1456 inserendos
764 1431 882 1454 vacuo
908 1417 1068 1454 relicto:
1103 1415 1200 1452 libro
1225 1426 1315 1449 vero
1340 1412 1734 1454 undevicesimo,
1775 1412 1877 1456 quasi

209 1474 361 1519 adesset
386 1483 482 1520 liber
506 1485 643 1530 primus
659 1509 670 1528 ,
694 1484 922 1529 praescripta
948 1487 1033 1517 sunt
1057 1479 1217 1516 haecce:
1257 1479 1368 1515 Plinii
1389 1477 1562 1513 historiae
1588 1476 1766 1511 naturalis
1792 1476 1881 1511 liber·

209 1548 370 1585 XVIII.
395 1549 561 1596 explicit.
612 1549 747 1595 Incipit
770 1548 861 1584 liber
886 1547 1027 1587 XIX.,
1068 1545 1272 1589 eademque
1300 1543 1432 1577 ceteris
1460 1540 1589 1584 libris,
1617 1541 1787 1585 apposito
1815 1552 1880 1574 suo

210 1613 343 1659 cuique
380 1625 559 1656 numero,
600 1623 717 1658 usque
755 1610 803 1646 ad
843 1611 1068 1646 tricesimum
1102 1608 1298 1655 septimum
1321 1600 1406 1641 sive
1427 1605 1607 1640 ultimum.
1658 1603 1882 1639 Lectionum

213 1677 309 1713 ratio
347 1677 386 1712 in
422 1683 578 1722 utraque
615 1681 719 1721 parte
757 1686 830 1710 non
868 1686 1093 1723 magnopere
1121 1673 1265 1710 differt:
1302 1671 1488 1716 posterior
1513 1674 1663 1712 tamen,
1690 1670 1727 1703 ni
1754 1668 1880 1712 fallor,

212 1741 323 1787 paulo
351 1742 582 1778 emendatior
607 1748 677 1784 est,
709 1739 797 1774 licet
823 1738 916 1774 haec
944 1751 1088 1786 quoque
1115 1737 1395 1775 amanuensium
1412 1734 1641 1783 negligentia
1660 1735 1713 1769 ita
1730 1733 1881 1768 foedata

212 1806 281 1851 sit,
322 1812 362 1842 ut
400 1819 496 1854 quae
526 1804 740 1853 probandae
775 1804 812 1839 in
848 1816 893 1839 ea
928 1803 1165 1839 inveniantur
1199 1801 1407 1844 lectiones,
1448 1812 1515 1834 ceu
1548 1810 1717 1848 gemmae
1742 1799 1778 1833 in
1806 1797 1882 1833 luto

216 1871 452 1915 quaerendae
478 1871 574 1906 sint:
602 1877 725 1904 tamen
742 1895 752 1912 ‚
779 1870 811 1904 si
838 1870 917 1914 quis
947 1876 1153 1903 ceterorum
1178 1856 1281 1902 illius
1308 1865 1441 1900 aetatis
1474 1863 1743 1909 exemplarium
1768 1864 1884 1898 instar

218 1933 314 1970 hunc
339 1932 473 1979 librum
498 1932 575 1970 Ms.
602 1939 854 1980 percenseret,
882 1944 1019 1979 operae
1046 1932 1203 1979 pretium
1229 1941 1313 1966 eum
1338 1929 1520 1965 facturum
1547 1940 1631 1963 esse
1653 1934 1768 1971 ratus,
1795 1925 1881 1961 Sil—

215 1999 325 2047 ligii
357 1998 404 2034 V.
439 1998 488 2033 D.
534 1998 717 2033 voluntati
755 1997 966 2043 obsequens
1000 2005 1078 2032 tiun
1110 1998 1191 2042 ipse
1230 2008 1296 2041 per
1332 1993 1533 2029 nonnullos
1560 1992 1676 2027 libros
1702 1992 1882 2026 lectiones

217 2076 299 2099 cum
334 2064 444 2099 editis
472 2062 726 2108 discrepantes
751 2074 799 2097 ex
827 2074 872 2097 eo
901 2062 1109 2108 exscripsi,
1151 2068 1227 2096 tum
1254 2057 1459 2095 familiares
1486 2056 1663 2103 quosdam
1688 2067 1792 2091 meos
1820 2055 1881 2091 ad-

215 2127 331 2170 duxi,
371 2134 411 2162 ut
445 2126 515 2162 hac
549 2127 587 2161 in
623 2138 664 2161 re
699 2125 839 2161 auxilio
866 2138 923 2161 me
946 2127 1081 2172 juvare
1106 2125 1386 2170 promitterent,
1425 2135 1473 2157 ex
1499 2120 1626 2167 quibus
1656 2118 1685 2154 C
1702 2118 1813 2154 arol
1829 2132 1850 2153 u
1866 2132 1881 2152 s

220 2190 507 2227 Pleitnerus
540 2192 622 2238 jam
664 2190 759 2226 hunc
795 2189 963 2226 laborem
1001 2189 1177 2234 suscepit.
1204 2207 1252 2215 --
1314 2185 1389 2222 Sed
1416 2198 1509 2232 quae
1536 2197 1620 2230 spes
1648 2184 1693 2219 ad
1723 2182 1880 2218 Plinium

217 2255 452 2291 librariorum
470 2255 614 2291 mendis
633 2253 863 2290 liberandum
889 2254 934 2289 de
953 2252 1038 2298 hoc,
1065 2254 1160 2289 sicut
1189 2253 1234 2288 de
1263 2253 1410 2296 ceteris,
1437 2262 1526 2297 quos
1552 2255 1767 2295 persecutus
1787 2259 1879 2289 suni,

218 2320 408 2358 codicibus
435 2318 531 2357 Mss.
560 2318 733 2358 habenda
758 2320 819 2366 sit,
859 2330 953 2357 nunc
977 2317 1136 2367 singulis
1161 2317 1379 2366 quibusdam
1405 2315 1496 2352 locis
1523 2313 1790 2361 pertractandis
1818 2311 1883 2347 dc-

218 2385 446 2422 monstrabo-
