2290 3201
1215 279 1266 318 ilc

398 397 770 450 ε’ςρατοπεδεύοντο
798 405 897 436 etc.“
927 407 984 436 et:
1013 399 1113 444 „Ad
1135 411 1268 435 novum
1293 399 1524 447 Hydreum]
1563 397 1622 434 Ita
1647 397 1734 433 libri
1759 409 1903 443 omnes,
1929 406 1968 434 ut
1995 407 2082 435 ante

399 467 620 502 monuimus.
688 463 834 500 Tamen
870 464 1050 500 Antonini
1090 458 1351 507 Itin‘erarium,
1385 463 1418 507 *)
1464 454 1616 500 caenon
1655 463 1890 511 Hydreuma,
1931 462 2002 499 hoc
2028 471 2086 500 est

403 528 550 566 καινόν
601 524 804 577 ὕδρευμα.
886 527 1037 565 Tabula
1073 527 1246 576 Peuting.
1292 529 1558 564 Ceonnidroma
1602 542 1668 574 pro
1714 530 1859 565 Caenon
1913 529 2086 576 Hydreu-

402 599 509 631 ma.“
538 614 586 620 —-
613 606 709 640 quae
736 594 815 628 fere
843 593 974 629 eadem
1000 593 1168 641 reperias
1194 594 1233 627 in
1259 591 1445 628 Plinianis
1465 591 1808 628 Exercitationibus
1827 591 2085 638 Salmasii,**)

403 658 465 705 qui
501 656 619 694 multa
657 657 703 692 de
742 656 951 693 nominibus
991 658 1193 706 Hydreum
1232 665 1267 693 et
1307 658 1529 705 Hydreuma
1566 658 1792 702 disputavit,
1849 670 1923 693 non
1960 665 2085 693 tamen

405 736 481 756 rem
518 722 566 756 ad
598 721 711 756 finem
737 722 923 765 perduxit.
975 721 1139 756 Monens
1171 722 1269 757 enim
1294 722 1332 755 in
1362 720 1483 756 Solini
1510 719 1702 755 codicibus
1728 720 1875 767 (quibus
1902 720 2086 756 accedunt

404 786 476 820 duo
506 784 783 828 Monac,enses‚
810 783 907 819 alter
933 796 1035 819 saec.
1062 782 1178 828 X11.,
1205 783 1301 820 alter
1326 797 1427 820 saec.
1451 782 1582 829 XIII.)
1609 786 1930 832 esse-Hydreum,
1957 784 2086 821 allatis

404 848 653 894 compluribus
693 848 889 884 Strabonis
927 848 1022 883 locis
1061 849 1152 884 dicit
1176 849 1352 894 primum:
1403 850 1633 897 „Hydreum
1659 855 1717 883 est
1741 844 1933 896 ύδρεῖον,
1982 849 2083 886 locus

404 913 621 960 aquationis.
686 908 902 960 “Υδρευμα
948 915 1031 959 ipsa
1069 913 1233 960 aquatio.
1247 917 1271 933 “
1313 913 1468 950 deinde:
1509 909 1732 961 ,,’Ὶ’δρεῖον
1773 921 1831 948 est
1868 917 2085 961 aquarium3

403 973 592 1023 ὕδρευμα
627 978 708 1022 ipsa
743 979 906 1024 aquatio.
919 981 943 996 “
984 977 1163 1023 denique:
1216 973 1444 1025 ,,’Υδρεῖον
1478 979 1590 1027 igitur
1631 984 1688 1013 est
1726 978 1828 1013 locus
1865 980 2087 1025 aquationis,

403 1036 547 1087 ύδρειά
574 1044 658 1087 ipsa
677 1044 837 1088 aquatio,
862 1036 1051 1087 ὕδρευμα
1080 1044 1159 1087 ipse
1183 1043 1343 1089 aquandi
1363 1047 1563 1077 actus.“—-
1583 1040 1726 1077 nullum
1751 1053 1841 1077 vero
1869 1042 2084 1089 exemplum

404 1104 565 1150 profert,
608 1116 679 1152 quo
716 1103 784 1141 has
822 1105 924 1141 vocis
963 1101 1153 1153 ὕδρευμα
1193 1107 1488 1155 significationes
1524 1107 1775 1142 demonstret:
1816 1107 1929 1141 immo
1964 1107 2086 1142 addit:

405 1167 579 1211 „Graeci
604 1169 832 1213 posteriores
860 1168 907 1203 τό
936 1164 1124 1215 ύ’δρευμα
1152 1171 1265 1206 etiarn
1278 1171 1453 1206 dixerunt
1470 1182 1535 1215 pro
1550 1170 1650 1214 loco,
1675 1171 1715 1204 in
1733 1182 1805 1217 quo
1824 1177 1903 1204 erat
1922 1171 2086 1216 aquatio.

410 1231 546 1266 -xuctor
561 1232 694 1277 peripli
712 1233 824 1267 maris
837 1231 1056 1277 Erythraei:
1083 1231 1272 1280 ,,”Οκῃλις
1297 1234 1380 1276 οὐχ
1401 1233 1531 1273 οὕτως
1553 1232 1759 1281 ἐμπόριον
1787 1233 1837 1273 ὠς
1864 1233 1993 1282 ὅρμος
2019 1232 2089 1269 καὶ

407 1291 638 1342 ὕδρευμα
667 1294 736 1331 καὶ
762 1293 909 1345 πρώτῃ
938 1295 1163 1347 καταγωγῇ
1191 1299 1272 1339 τοῖς
1298 1297 1394 1335 εἴσω
1422 1293 1675 1347 διαίρουσιν.
1713 1297 1818 1334 Idem
1843 1307 1928 1343 post
1952 1299 2085 1343 paulo:

406 1361 540 1408 Kainq
589 1361 936 1407 παραθαλάσσιος
985 1362 1144 1408 ὅρμους
1194 1362 1273 1404 μὲν
1322 1359 1574 1410 ἐπιτηδείους
1622 1360 1693 1397 καὶ
1742 1361 1768 1397 v‘
1786 1357 1806 1397 ὃ
1821 1375 1846 1409 ρ
1863 1374 1878 1397 ε
1892 1361 1918 1397 ύ
1933 1375 1964 1402 μ
1980 1375 2005 1397 α
2022 1375 2045 1397 τ
2064 1375 2089 1397 α

407 1424 643 1472 γλυκύτερα
673 1424 741 1460 καὶ
772 1427 951 1471 κρείσσω
977 1425 1044 1473 τῆς
1070 1426 1272 1475 Ὀκῂλεως
1296 1426 1472 1472 ἔχουσα.
1499 1425 1557 1463 Ita
1572 1425 1790 1474 accipienda
1809 1438 1883 1464 vox
1899 1422 2089 1476 ὓδρευμα

405 1497 441 1526 et
478 1490 576 1537 apud
610 1489 869 1527 Ptolemaeum
903 1491 968 1526 lib.
1003 1491 1032 1527 Ι.
1074 1505 1154 1538 cap.
1193 1498 1249 1528 10.
1284 1493 1354 1529 καὶ
1388 1492 1463 1527 τόν
1498 1491 1638 1539 ἐκάςῃς
1671 1491 1824 1539 ἠμέρας
1860 1486 2089 1531 ςαδιασμόν

406 1555 557 1593 αὐτούς
590 1564 719 1604 φησιν
753 1555 1007 1590 ε’κτεθεῖσὲαι
1042 1555 1136 1595 τούς
1162 1552 1413 1597 όδει’σαντας
1437 1555 1673 1602 πλεονάκις,
1707 1555 1786 1593 οὐκ
1812 1550 2106 1609 ἐνδεχόμενον,

406 1618 455 1656 ὃν
478 1619 629 1663 μόνον,
657 1619 766 1656 duo}
794 1621 862 1657 καὶ
889 1620 1122 1669 α’ναγκαῖον
1149 1617 1217 1657 διά
1244 1622 1312 1662 τάς
1336 1621 1421 1657 τῶν
1448 1618 1797 1669 ύδρευμᾰτων
1824 1619 2089 1664 α’ποχάς.“-

406 1684 590 1730 Stephani
617 1684 833 1719 thesaurum
859 1684 1012 1734 linguae
1041 1685 1210 1721 Graecae
1236 1687 1269 1722 si
1296 1686 1449 1730 adieris,
1477 1686 1570 1723 nihil
1587 1686 1777 1732 proficies,
1804 1699 1890 1721 nam
1918 1681 2087 1731 ὑδρεῖον

407 1754 444 1785 in
472 1763 516 1784 eo
535 1750 669 1784 dicitur
696 1761 781 1784 esse
809 1750 862 1792 ‚‚i.
892 1763 926 1794 q.
955 1746 1081 1795 ὑδρία
1109 1762 1173 1793 per
1201 1753 1227 1793 i,
1255 1762 1308 1784 sc.
1335 1762 1416 1794 vas,
1444 1762 1517 1796 quo
1545 1746 1778 1799 ύδρειὶομεν
1804 1761 1836 1786 s.
1863 1744 2086 1798 ὑδρευόμε-

407 1813 523 1858 5α;“
561 1808 749 1861 ὕδρευμα
784 1826 874 1849 vero
914 1828 962 1850 ex
996 1823 1123 1852 nostro
1158 1814 1243 1851 loco
1278 1816 1413 1852 dicitur
1446 1816 1662 1864 significare
1694 1817 1925 1862 aquationum
1948 1816 2090 1848 ratione

407 1881 619 1925 dispositam
644 1881 874 1913 mansionem.
902 1899 949 1904 -—
999 1880 1066 1914 Sin
1092 1880 1195 1914 vocis
1229 1875 1398 1927 ὑδρεῖον
1424 1892 1530 1916 usum
1557 1879 1654 1928 apud
1680 1878 1904 1916 strabonem
1930 1877 2088 1927 diligen-

407 1945 478 1981 tius
506 1943 831 1989 consideraveris,
858 1944 1017 1989 videbis,
1044 1954 1084 1981 ut
1109 1946 1147 1981 in
1172 1944 1268 1981 locis
1295 1957 1317 1980 a
1343 1945 1532 1983 salmasio
1559 1945 1703 1989 allatis,
1739 1946 1794 1981 ita
1819 1945 1858 1979 in
1885 1943 1986 1987 aliis,
2014 1942 2085 1985 ***)

485 2092 513 2124 ⁸)
536 2098 610 2129 pag.
633 2094 701 2122 173.
715 2088 764 2118 ed.
778 2088 989 2129 wesseling„
1011 2088 1072 2129 qui
1085 2087 1132 2118 ibi
1148 2088 1244 2118 dicit:
1258 2087 1377 2128 „Quin
1390 2087 1486 2119 Plinii
1497 2087 1664 2126 Hydreum
1686 2086 1833 2129 probum
1852 2085 1905 2122 nit,
1926 2084 2020 2117 nulla
2042 2090 2090 2117 ent

545 2142 723 2175 dubitandi
744 2153 863 2179 causa,
884 2154 946 2175 nec
965 2149 1076 2176 tamen
1098 2144 1141 2175 ob
1162 2143 1329 2176 Harduini
1350 2144 1483 2177 allatam
1503 2145 1684 2178 rationem,
1716 2154 1782 2184 qua
1802 2143 1957 2180 hydreum
1978 2141 2089 2171 locum

546 2199 756 2239 aquationis,
788 2199 966 2236 hydreuma
994 2201 1101 2240 ipsam
1131 2199 1346 2239 aquationem
1375 2210 1444 2230 ene
1472 2199 1539 2237 ait3
1573 2204 1699 2230 certum
1729 2197 1815 2229 enim
1844 2202 1892 2229 en
1912 2197 2092 2235 hydreuma

546 2265 607 2294 pro
637 2254 710 2294 ipso
737 2253 928 2293 aquationis
957 2255 1036 2285 loco
1065 2260 1177 2291 ete.,“
1219 2265 1306 2296 quae
1337 2255 1420 2297 quid
1452 2253 1517 2285 eibi
1545 2253 1665 2289 velint,
1695 2253 1802 2284 fateor
1829 2263 1880 2284 me
1905 2263 1974 2283 non
1996 2250 2092 2282 intel-

545 2310 658 2353 ligere.
698 2311 745 2349 **)
777 2322 853 2352 pag.
887 2317 974 2346 1183·
1008 2321 1056 2352 sq.
1087 2312 1136 2342 ed.
1170 2311 1270 2342 Paris.
1296 2312 1384 2353 1629.
1416 2325 1457 2334 —
1478 2319 1552 2351 pag.
1573 2315 1633 2346 833
1663 2320 1713 2351 sq.
1737 2309 1788 2341 ed.
1811 2309 1902 2350 Traj.
1920 2307 1963 2339 ad
1984 2307 2091 2338 Rhea.

549 2367 637 2407 1689.
660 2381 699 2388 —
738 2366 873 2398 Rectius
908 2367 954 2397 ibi
985 2378 1023 2398 ex
1054 2367 1164 2398 tabula
1194 2368 1345 2409 Peuting.
1376 2365 1510 2397 affertur
1530 2366 1802 2396 Cenonnidroma:
1832 2366 1875 2398 cf.
1908 2364 1959 2397 ed.
1988 2362 2092 2397 Acad.

548 2423 690 2453 Monac.
712 2422 820 2463 Segm.
842 2422 895 2454 lx.
917 2423 981 2460 D.;
1003 2423 1037 2454 in
1060 2435 1126 2466 qua
1148 2424 1270 2467 legitur
1292 2424 1567 2461 Cenonnydroma.

449 2480 516 2518 ss.)
549 2478 590 2510 cf.
613 2478 723 2510 strab.
748 2479 871 2521 Geogr.
893 2480 967 2510 Lib.
989 2482 1058 2511 XV.
1081 2492 1156 2523 pag.
1178 2479 1248 2523 496.
1271 2479 1336 2519 (ed.
1360 2478 1514 2516 casaub.)
1535 2476 1671 2512 vss.‘16.
1696 2484 1744 2518 19.
1765 2481 1815 2512 55.
1836 2481 1869 2506 ot
1891 2481 1939 2511 57.
1954 2492 1995 2500 —
2013 2474 2091 2506 Lib.

550 2535 636 2566 XV!-
666 2535 758 2571 init„
789 2546 863 2578 pag.
886 2544 956 2571 507·
978 2547 1024 2567 vs.
1046 2543 1097 2575 35.
1117 2552 1158 2560 —
1185 2546 1260 2579 pag.
1282 2541 1351 2572 515.
1373 2544 1418 2566 vs.
1439 2538 1469 2571 8.
1490 2551 1532 2558 —
1559 2544 1634 2576 pag.
1654 2539 1725 2570 532.
1747 2543 1794 2565 vs.
1812 2539 1844 2570 7.
1864 2549 1904 2557 -
1923 2542 1999 2576 pag.
2021 2536 2093 2568 538.

551 2602 598 2624 Ὑί·
620 2601 670 2629 20-
691 2609 732 2617 -
753 2593 829 2626 Lib.
850 2594 947 2625 xvn.
969 2604 1043 2636 pag.
1063 2594 1134 2631 561.
1157 2604 1205 2625 vs.
1227 2598 1257 2627 4.
1278 2611 1318 2617 —
1340 2603 1411 2634 pag.
1433 2595 1503 2626 575.
1524 2601 1572 2621 vu.
1593 2589 1643 2624 46.
