2290 3201
1019 278 1070 315 21

201 401 346 436 tatione
372 400 481 436 dicit:
525 397 672 444 „Quod
698 399 731 434 si
755 407 984 436 remeantem
1012 401 1050 435 in
1077 400 1236 436 sublime
1263 413 1441 436 araneum
1467 413 1597 437 manus
1626 400 1882 448 apprehende-

199 466 307 501 rit:“
345 475 462 511 eaque
498 463 666 510 profecto
701 465 813 500 unica
848 471 905 500 est
939 463 1037 500 hanc
1063 467 1312 511 sententiam,
1354 474 1395 501 ut
1422 478 1517 501 nunc
1544 474 1624 510 est,
1666 465 1882 511 explicandi

203 531 322 570 ratio;
362 529 429 564 sed
465 528 575 563 nimis
602 534 659 562 est
685 528 908 565 artificiosa:
949 529 1189 576 quamobrem
1216 530 1343 566 dubito
1379 544 1427 566 an
1462 532 1501 565 in
1528 530 1599 565 hoc
1626 543 1770 577 quoque
1796 530 1882 567 loco

198 592 365 629 secunda
389 604 551 638 persona
576 593 791 638 reponenda
807 594 877 638 sit,
907 594 1041 640 quippe
1068 606 1162 639 quae
1190 607 1272 631 cum
1299 596 1410 630 tertia
1435 596 1474 630 in
1491 594 1598 630 libris
1615 594 1712 630 Mss.
1731 595 1882 640 saepius

201 657 470 702 confundatur,
507 656 567 692 hic
602 670 691 693 vero
727 658 774 693 ob
800 670 961 704 sequens
997 658 1168 695 inhibebit
1192 659 1372 695 facillime
1398 662 1561 706 potuerit
1586 661 1742 703 mutari,
1781 668 1818 695 et
1843 661 1880 694 in

200 721 441 769 Dalecampii
467 722 641 759 editionis
666 723 833 772 margine
859 722 1022 772 legatur,
1050 725 1218 770 apposita
1244 723 1353 761 litera
1372 723 1442 770 V.,
1471 737 1564 772 quas
1582 724 1729 771 quidem
1748 724 1879 760 lectio-

199 797 267 821 nes
293 785 511 821 Harduinus
546 787 599 830 (in
623 787 742 832 praef.
770 788 817 822 ad
843 786 973 840 Plin.)¹
994 788 1034 821 in
1060 800 1179 834 aequo
1206 801 1348 834 ponens
1375 792 1421 824 iis
1438 816 1448 833 ,
1484 803 1579 836 quae
1604 790 1657 824 ibi
1687 790 1797 824 litera
1826 789 1880 823 M.

199 850 408 897 signantur,
436 862 538 893 „non
565 849 680 894 aliud,
707 851 773 894 ait,
795 852 882 897 jure
908 851 1027 886 videri
1054 864 1162 897 quam
1179 854 1312 889 eruditi
1328 856 1534 900 cujuspiam
1552 856 1660 890 unius
1679 854 1881 890 alteriusve

201 914 250 950 ad
280 926 383 950 oram
418 913 506 949 libri
539 915 730 960 appositas
766 916 1119 962 conjectationem-⁵⁶
1179 916 1361 961 Codices,
1399 931 1490 964 quos
1528 932 1597 967 ego
1636 918 1880 965 perlustravi,

203 977 403 1016 exhibent:
450 977 622 1013 Riccard.
666 980 865 1024 prenderet
909 981 1223 1025 (superscriptum
1268 988 1325 1016 est
1359 984 1372 1016 i
1384 986 1419 1025 )‚
1464 981 1556 1030 Reg.
1593 982 1644 1017 ll.
1676 984 1882 1029 prenderet,

206 1039 359 1079 Monac.
383 1043 608 1090 previderitf
650 1054 744 1088 quae
770 1043 896 1078 omnia
922 1050 1050 1089 aperte
1077 1050 1162 1079 sunt
1189 1052 1373 1091 corrupta.

394 1107 483 1143 Lib.
510 1106 601 1143 XX.
629 1119 711 1153 cap.
741 1111 798 1149 1.;
826 1114 919 1143 sect.
946 1111 981 1144 3.
1007 1109 1045 1142 in
1071 1107 1159 1143 fine.

344 1176 406 1210 Sic
429 1184 466 1211 et
490 1184 620 1210 contra
640 1175 870 1221 phthiriasin
896 1175 1050 1211 bibitur.-
1076 1183 1111 1209 et
1136 1173 1443 1221 hydropises.

198 1238 243 1275 In
276 1238 462 1275 Harduini
495 1239 594 1274 notis
630 1237 809 1287 legimus:
849 1237 974 1284 „Mss.
1012 1250 1140 1273 omnes
1177 1238 1404 1285 hydropicis.
1457 1236 1533 1272 Sed
1561 1238 1784 1285 hydropises
1809 1238 1884 1284 legi

200 1311 387 1339 structura
414 1305 594 1339 orationis
617 1304 739 1349 jubet.
752 1308 777 1325 “
802 1323 851 1330 ——
908 1304 958 1339 At
982 1316 1058 1338 vox
1085 1304 1300 1350 hydropisis
1326 1315 1411 1338 raro
1439 1304 1535 1348 apud
1562 1311 1729 1338 nostrum
1757 1316 1884 1338 occur-

199 1370 268 1414 tit,
312 1376 350 1405 et
383 1368 502 1405 semel
537 1375 678 1404 tantum
715 1380 868 1404 numero
901 1367 1063 1415 plurali,
1107 1367 1173 1404 lib.
1200 1364 1290 1403 XX.
1327 1378 1408 1412 cap.
1436 1369 1470 1403 5.
1498 1367 1535 1401 in
1562 1366 1658 1408 fine3
1703 1374 1795 1402 sect.
1823 1371 1882 1402 20.

197 1443 327 1470 contra
358 1435 567 1480 incipientes
602 1435 914 1481 hydropises.
973 1432 1060 1468 Vox
1086 1434 1290 1479 hydropici
1315 1444 1404 1466 vero
1431 1433 1650 1476 saepissime
1676 1434 1882 1467 invenitur:

200 1507 239 1535 et
263 1498 461 1534 verborum
486 1505 670 1532 structura
697 1510 765 1541 ea,
796 1510 869 1543 qua
894 1496 1016 1532 eidem
1040 1495 1156 1532 verbo
1182 1497 1297 1532 variis
1323 1496 1470 1541 modis,
1509 1508 1604 1542 quae
1632 1495 1679 1531 ad
1704 1496 1742 1531 id
1769 1498 1881 1542 perti-

199 1570 337 1607 neant,
373 1562 639 1605 adnectantur,
674 1562 894 1607 praesertim
919 1562 974 1605 si,
1018 1568 1057 1596 ut
1081 1563 1119 1595 in
1147 1568 1275 1596 nostro
1301 1560 1387 1596 loco
1415 1561 1602 1594 nominum
1629 1562 1881 1605 appositorum

199 1629 275 1665 alia
314 1627 528 1676 significent
559 1626 710 1663 morbos
745 1628 871 1673 ipsos,
916 1625 993 1663 alia
1028 1626 1198 1663 homines
1225 1625 1363 1662 morbis
1399 1623 1630 1668 laborantes,
1666 1625 1762 1672 apud
1801 1638 1884 1661 eum

198 1691 292 1729 nihil
319 1699 376 1728 est
402 1692 646 1739 frequentius,
673 1692 727 1726 ita
752 1698 792 1726 ut
818 1692 968 1726 omnino
998 1703 1071 1726 non
1096 1690 1322 1738 intelligam,
1349 1703 1413 1725 cur
1426 1689 1641 1725 Harduinus
1671 1702 1755 1724 eam
1783 1689 1884 1723 dam-

199 1759 357 1794 naverit.
421 1755 531 1798 Quod
561 1764 603 1791 ut
635 1757 908 1801 demonstrem,
945 1756 1100 1792 afferam
1134 1769 1255 1802 pauca
1286 1763 1429 1792 tantum
1456 1768 1503 1791 ex
1528 1755 1641 1802 hujus
1668 1753 1753 1789 libri
1780 1762 1885 1800 parte

197 1823 341 1869 priore:
381 1834 463 1867 cap.
490 1824 524 1857 5.
551 1822 656 1862 init-3
700 1828 792 1856 sect.
822 1824 880 1857 15.
944 1822 1121 1856 Radicem
1155 1823 1236 1868 ejus
1270 1823 1522 1866 (pastinacae)
1564 1819 1749 1855 Dieuches
1782 1831 1885 1854 con·

196 1897 273 1923 tra
298 1888 474 1936 iocineris
501 1912 510 1922 .
538 1913 547 1923 .
573 1912 583 1923 .
609 1888 727 1921 vitia
753 1912 765 1923 .
791 1912 801 1922 .
828 1912 838 1922 .
865 1887 948 1921 dari
974 1887 1087 1935 jubet.
1140 1886 1385 1931 cleophantes
1409 1893 1445 1919 et
1469 1885 1790 1931 dysentericis
1814 1896 1882 1917 ve-

198 1952 456 1990 κνίδαι-
481 1950 574 1987 ibid.
601 1949 670 1988 sub
696 1950 784 1993 fin.;
811 1957 904 1987 sect.
931 1954 990 1987 20.
1032 1951 1163 1989 Coctas
1188 1953 1360 1996 (caepas)
1385 1950 1712 1998 dysentericis
1736 1960 1882 1983 vescen-

196 2019 264 2054 das
288 2018 433 2059 dedere,
460 2024 496 2050 et
519 2016 914 2051 contra=lumbonzm
939 2017 1210 2053 dolores.—
1237 2028 1318 2060 cap.
1334 2020 1370 2051 6.
1395 2017 1502 2056 init.;
1531 2022 1623 2049 sect.
1638 2019 1695 2049 21.
1725 2015 1883 2059 Sangui-

198 2095 281 2119 nem
308 2108 317 2117 .
341 2108 351 2118 .
376 2108 385 2117 .
412 2081 783 2117 exserentibus
809 2086 846 2115 et
867 2080 1158 2127 phthisicis,
1184 2080 1597 2118 distilla'tionibus
1631 2079 1799 2128 longis,
1824 2077 1884 2111 vel

197 2159 346 2189 succus,
383 2147 445 2182 vel
478 2158 530 2180 ex
566 2147 651 2191 ipso
685 2148 828 2191 (porro)
865 2145 965 2180 cibus
993 2148 1157 2192 prodest.
1219 2148 1310 2182 Item
1344 2148 1505 2182 morbo
1537 2145 1673 2191 regio
1707 2146 1767 2178 vel
1801 2144 1880 2190 hy-

197 2211 434 2258 dropicis.
492 2211 543 2246 Et
566 2210 625 2245 ad
645 2223 776 2246 renum
803 2210 1013 2246 dolores.
1039 2230 1087 2236 —
1113 2222 1195 2255 cap.
1223 2214 1259 2246 7.
1288 2210 1355 2245 sub
1382 2210 1467 2250 fin.;
1503 2216 1595 2243 sect.
1623 2212 1681 2243 26.
1735 2209 1880 2242 Dantur·

197 2274 386 2319 (lactucae
412 2275 574 2319 sativae)
598 2274 922 2317 coeliacis...‚
960 2282 996 2309 et
1030 2274 1092 2310 ad
1123 2275 1353 2311 daritiam
1377 2274 1682 2323 praecordiorum.
1734 2273 1880 2306 Dantur

200 2348 239 2377 et
262 2339 629 2392 melancholicis
656 2364 666 2373 .
695 2364 705 2373 .
733 2365 771 2381 .,
797 2347 833 2374 et
865 2340 927 2374 ad
948 2341 1091 2375 vesicae
1115 2342 1249 2375 vitia.
1274 2359 1323 2365 —-
1371 2340 1573 2374 Praeterea
1599 2340 1631 2372 si
1657 2339 1879 2384 hydropises

198 2405 368 2450 scribas,
406 2403 521 2440 verbo
547 2405 680 2440 bibitur
704 2403 925 2449 interposito
966 2411 1002 2440 et
1040 2404 1277 2441 distinctione
1315 2406 1457 2452 majore
1484 2405 1609 2449 facta,
1649 2403 1878 2450 praepositio

200 2480 331 2507 contra
367 2483 441 2506 non
475 2470 668 2505 commode
703 2480 752 2504 ex
780 2469 1032 2514 superioribus
1059 2470 1105 2505 ad
1132 2469 1228 2505 hanc
1253 2483 1382 2506 vocem
1408 2471 1579 2506 refertur.
1630 2468 1786 2504 Minime
1809 2469 1880 2515 igi-

201 2544 263 2573 tur
288 2536 467 2572 librorum
495 2533 591 2571 Mss.
628 2533 763 2569 lectio:
805 2534 1029 2581 hydropicis,
1057 2542 1113 2570 est
1139 2535 1358 2572 deserenda.
