2290 3201
978 249 1031 289 25

152 372 301 420 Lycaei
331 371 441 407 Ιουίι
474 371 668 407 delubrum
693 390 739 397 —
802 369 1018 406 Harduinus
1044 369 1245 406 lectionem
1272 371 1371 407 haud
1397 372 1508 408 dubie
1534 372 1670 408 falsam
1698 373 1735 407 in
1765 371 1834 408 illo

156 436 393 473 Dioscuridis
418 434 505 472 loco
532 443 682 472 secutus
708 442 768 471 est
792 433 1013 490 scribendo:
1057 436 1202 473 Pholo&
1226 445 1262 472 et
1285 437 1427 484 Lycia,
1455 435 1617 472 fortasse
1645 437 1758 472 etiam
1790 449 1835 472 ea

155 502 302 537 ratione
329 500 533 544 adductus,
560 498 658 547 quod
681 497 777 534 illud
803 500 851 535 In
874 500 997 547 Lycia
1018 501 1176 548 quidem,
1204 502 1303 548 quod
1323 503 1406 548 jam
1432 499 1627 537 Pintianus
1655 514 1721 547 pro
1748 501 1835 537 solo

154 564 373 610 pronomine
396 564 541 612 quidam
565 576 615 599 ex
638 569 786 599 vetusto
812 563 1021 611 exemplari
1044 572 1257 611 receperat,
1297 565 1333 600 ei
1358 564 1535 613 flagitare
1557 565 1767 609 videbatur,
1796 572 1835 600 ut

155 629 195 663 in
233 627 541 665 antecedentibus
581 635 932 665 commemoraretur
964 628 1099 675 Lycia.
1166 629 1241 665 Sed
1275 641 1349 665 non
1387 636 1446 665 est
1475 630 1583 676 justa
1617 642 1732 665 causa
1768 642 1833 665 cur

156 689 262 727 libris
288 689 386 728 Mes.
412 691 526 728 fidem
551 691 786 740 abrogemus.
837 691 1009 740 Namque
1024 692 1212 740 Lyciam,
1239 706 1349 739 quum
1374 692 1538 729 Plinium
1564 705 1612 728 ex
1641 693 1710 736 iis,
1738 705 1833 739 quae

157 755 255 800 apud
280 762 472 792 auctorem
498 768 605 792 suum
628 757 839 801 invenerit,
872 756 1044 792 omisisse
1071 755 1218 804 aliqua,
1254 769 1372 803 eaque
1397 758 1480 802 ipsa
1504 756 1595 801 illa,
1634 757 1673 791 in
1700 755 1831 802 quibus

158 818 252 854 haec
280 826 380 855 ten-a
405 820 518 855 fuerit
543 821 755 864 nominata,
783 832 833 855 ex
858 818 1085 855 Dioscoride
1110 827 1309 866 appareat,
1334 819 1449 866 probe
1474 827 1641 856 sumetur
1665 832 1831 865 compre-

158 882 271 919 hendi
304 882 429 921 verbis
459 884 689 932 platonisque
722 884 807 921 aliis
838 883 950 920 locis:
983 875 1053 919 n‘ec
1087 885 1304 931 quisquam,
1341 885 1403 931 qui
1421 878 1473 919 'id
1509 885 1629 919 minus
1662 891 1765 919 recte
1793 896 1834 918 se

158 946 298 983 habere
333 956 507 993 censeat,
551 950 650 996 quod
680 957 766 995 post
795 949 1002 986 Arcadiam
1034 955 1171 984 terram
1196 955 1393 984 occurrant
1419 949 1500 994 ejus
1526 955 1672 983 montes
1699 947 1836 984 Pholoe*

158 1016 197 1044 et
220 1010 418 1058 Lycaeus,
443 1025 518 1048 non
542 1011 732 1059 intelliget
755 1013 875 1060 magis
901 1013 1015 1047 etiam
1040 1024 1120 1048 rem
1144 1013 1338 1058 impediri,
1364 1012 1397 1047 si
1426 1012 1574 1047 Pholoe·
1597 1024 1703 1047 mons
1730 1012 1833 1047 solus

156 1072 327 1122 legatur,
353 1082 392 1111 et
415 1083 501 1121 post
525 1087 609 1111 eum
633 1076 756 1123 Lycia
781 1082 894 1111 terra.

351 1139 439 1175 Lib.
465 1138 591 1177 XXV.
621 1146 708 1176 ante
734 1138 831 1176 med.
859 1150 942 1184 cap.
969 1141 1027 1181 8.;
1055 1146 1149 1175 sect.
1174 1143 1235 1175 42.

302 1205 413 1241 Haec
438 1203 735 1251 (buphthalmos)
760 1217 840 1240 cam
865 1216 952 1240 cera
975 1205 1308 1241 scirrhomata
1331 1204 1492 1243 discutit.

159 1266 325 1317 Vulgata
350 1268 444 1306 haec
468 1269 582 1307 lectio
602 1282 625 1306 a
642 1268 746 1306 nullo
764 1269 947 1305 editorum
963 1276 1022 1306 est
1035 1269 1272 1318 impugnata:
1299 1267 1367 1305 sed
1383 1268 1588 1305 ecit-rhomo
1602 1279 1724 1315 neque
1743 1268 1840 1313 apud

158 1330 325 1370 nostrum
351 1332 462 1379 alias,
487 1346 606 1381 neque
632 1333 730 1380 apud
754 1332 874 1370 ullum
897 1332 1013 1369 alium
1035 1333 1214 1369 Latinum
1231 1334 1450 1383 scriptorem
1466 1333 1558 1382 legi,
1586 1342 1623 1369 et
1642 1333 1729 1369 libri
1742 1333 1839 1369 Mas.

156 1396 354 1433 exhibent:
389 1398 484 1447 Reg.
522 1397 553 1434 I.
592 1412 670 1435 cum
699 1400 821 1435 erasia
846 1397 1064 1444 satanicam,
1105 1397 1199 1446 Reg.
1236 1396 1288 1433 II.
1324 1411 1403 1434 cam
1437 1401 1579 1436 cerasia
1594 1399 1836 1447 flathomata,

157 1459 310 1497 Monac.
346 1475 425 1498 cam
460 1463 584 1500 erasia
607 1463 821 1510 flammata,
860 1463 900 1498 in
935 1461 1067 1509 quibus
1106 1468 1219 1497 antea
1243 1461 1334 1497 mihi
1357 1463 1478 1498 visum
1505 1470 1585 1498 erat
1610 1463 1731 1498 latere
1757 1477 1836 1499 cum

156 1527 273 1562 cerati
289 1525 391 1572 offaz
410 1527 477 1562 sed
495 1534 692 1574 postquam
701 1527 888 1563 Harduini
905 1532 1030 1562 notam
1050 1524 1194 1561 adLib.
1207 1524 1374 1562 XXVII.
1388 1540 1471 1572 cap.
1485 1531 1520 1563 7.
1536 1540 1545 1569 ;
1564 1535 1658 1563 sect.
1672 1531 1746 1572 28„
1769 1541 1840 1574 qua

155 1590 263 1627 dicit:
289 1592 461 1639 „Cypria
488 1592 603 1640 cerm]
638 1591 724 1628 Hoc
749 1598 821 1636 est,
845 1598 970 1627 cerato
999 1589 1160 1638 Cyprio.-
1186 1600 1273 1627 nam
1296 1602 1426 1627 ceram
1451 1602 1517 1636 pro
1544 1600 1670 1627 cerato
1697 1592 1834 1626 medici

158 1667 287 1692 omnes
314 1657 456 1703 antiqui
482 1656 665 1700 dicunt.“,
692 1655 942 1702 compluribus
968 1655 1064 1691 locis
1083 1654 1117 1700 *)
1143 1655 1240 1700 apud
1254 1662 1420 1691 nostrum
1443 1655 1611 1691 videram
1637 1654 1835 1691 confirma-

158 1727 257 1765 tam,
298 1721 428 1757 literas
453 1722 512 1758 sia
537 1721 576 1756 in
598 1719 772 1756 codicum
796 1718 894 1756 Mss.
921 1718 1086 1756 lectione
1113 1718 1161 1755 ad
1186 1720 1382 1766 sequentia
1407 1719 1593 1766 pertinere
1619 1732 1836 1765 persuasus,

158 1794 224 1819 eas
252 1795 333 1820 cum
359 1784 417 1820 his
444 1785 647 1831 conjunxi,
680 1783 883 1819 secundum
907 1783 1020 1832 Regii
1046 1783 1077 1819 Ι.
1104 1783 1308 1823 lectionem
1332 1784 1556 1821 scribendo:
1582 1783 1839 1831 siafatomata‚

158 1847 279 1894 quod,
306 1849 340 1884 si
363 1848 483 1885 literis
509 1847 720 1885 uncialibus
746 1848 885 1884 utaris:
912 1846 1312 1894 SIAFATOMATA,
1341 1850 1428 1896 quin
1455 1861 1504 1885 ex
1532 1861 1625 1884 voce
1653 1847 1836 1884 STABA-

157 1909 384 1948 TOMATA
409 1914 434 1948 i.
464 1926 499 1949 e.
520 1922 743 1951 steatomata
757 1913 809 1958 Ἰ”’”)
835 1917 948 1959 (quae
973 1912 1060 1949 Lib.
1086 1912 1235 1950 XXVI.
1264 1926 1348 1959 cap.
1376 1918 1457 1955 14.;
1486 1922 1578 1950 sect.
1608 1916 1665 1950 87.
1693 1914 1835 1949 inveni·

159 1979 232 2021 tur)
271 1984 481 2023 corruptum
520 1978 593 2022 sit,
630 1978 696 2013 vix
729 1977 890 2013 dubites.
950 1976 1092 2014 Postea
1128 1977 1274 2013 demum
1306 1976 1403 2013 hanc
1436 1990 1589 2022 vocem,
1632 1978 1758 2011 nescio
1787 1989 1833 2012 an

157 2039 302 2086 majore
327 2041 465 2089 gaudio
492 2053 540 2077 an
565 2040 775 2085 stomacho,
801 2041 880 2090 legi
903 2043 943 2078 in
970 2041 1208 2088 Dalecampii
1233 2042 1409 2077 editionis
1433 2043 1613 2089 margine,
1641 2041 1739 2075 inter
1766 2053 1831 2076 eas

158 2102 364 2148 lectiones,
407 2118 514 2152 quas,
553 2106 663 2142 litera
695 2104 743 2141 V.
778 2106 971 2153 signatas,
997 2105 1045 2142 ab
1080 2106 1276 2143 Harduino
1312 2118 1378 2153 pro
1414 2105 1530 2141 nihilo
1570 2103 1700 2140 haberi
1727 2118 1837 2152 supra

158 2169 296 2205 monui.
360 2167 435 2206 Sed
478 2183 560 2208 cum
599 2170 665 2216 iis,
705 2181 799 2219 quae
834 2169 881 2205 de
916 2165 1322 2217 buphthalmo'dicunt
1355 2168 1618 2209 Dioscorides,
1656 2167 1723 2203 lib.
1764 2169 1834 2204 111.

237 2344 267 2383 *)
300 2345 343 2376 cf.
374 2344 450 2377 Lib.
475 2347 576 2378 xxu.
607 2357 679 2388 cap.
714 2354 781 2384 17.;
819 2352 896 2378 sect.
921 2353 968 2387 19.
998 2350 1030 2375 et
1049 2345 1167 2376 Dione.
1191 2347 1246 2378 lv.
1266 2346 1317 2383 86.
1336 2362 1377 2371 --
1424 2344 1500 2377 Lib.
1521 2344 1633 2377 xxm.
1656 2351 1733 2376 ante
1754 2345 1839 2376 med.

298 2411 371 2444 cap.
384 2405 436 2439 4.;
458 2407 535 2434 sect.
555 2406 605 2438 42.
627 2409 659 2435 et
680 2402 797 2434 Diose.
819 2401 845 2434 1.
867 2409 920 2445 39.
941 2400 1068 2433 —Lib.
1083 2401 1199 2432 XXIV.
1220 2411 1292 2444 cap.
1306 2410 1373 2439 ¹0·3
1396 2406 1473 2431 sect.
1488 2404 1538 2435 48.
1560 2400 1710 2431 etDiosc.
1734 2400 1841 2435 1.126.

217 2457 267 2495 ¹¹⁰)
298 2458 356 2488 ΑΒ
375 2468 437 2498 pro
458 2457 484 2487 E
503 2457 568 2498 jun
589 2458 736 2499 antiquis
755 2458 961 2499 temporibus
981 2458 1139 2498 scriptum
1160 2468 1250 2494 ene,
1286 2458 1489 2489 demonstrat
1522 2461 1576 2495 (ne
1607 2455 1670 2486 alia
1692 2455 1840 2496 afferam)

295 2512 469 2554 inscriptio
496 2512 585 2554 apud
613 2514 793 2546 Gruterum
826 2516 933 2556 (corp.
961 2513 1080 2545 Interr-
1102 2522 1135 2554 p.
1156 2514 1255 2552 280.),
1280 2512 1316 2544 in
1344 2522 1409 2555 qua
1438 2512 1560 2553 legitur
1578 2512 1757 2544 PRIDIAE
1779 2525 1841 2555 pro

293 2569 451 2601 PRIDIE.
506 2585 509 2587 >

1332 2631 1355 2661 4
