2290 3201
350 383 417 420 IV.
445 392 589 429 partem
618 383 891 428 posteriorem,
918 393 1029 429 quam
1054 382 1198 428 excipit
1223 380 1310 418 libri
1337 380 1385 421 V..
1412 395 1500 430 pars
1526 384 1711 430 posterior
1738 384 1824 420 inde
1852 397 1874 420 a
1900 384 2038 429 verbis,

347 463 444 499 quae
470 450 782 491 commemoravi;
822 457 907 496 post
940 449 1037 485 hanc
1073 449 1235 494 denique
1264 449 1493 493 interposuit
1519 448 1607 485 libri
1631 448 1680 484 V.
1706 456 1851 495 partem
1875 450 2040 496 priorem

349 525 385 551 et
411 516 496 551 libri
523 514 574 550 11.
601 523 746 561 partem
772 515 1033 561 posteriorem.
1088 512 1296 551 Corrector
1323 519 1448 549 autem
1475 512 1628 560 aliquis,
1655 513 1842 551 turbatum
1872 515 2040 551 ordinem

347 581 464 629 signis
492 582 674 627 appositis
702 582 901 617 restituere
928 586 1086 615 conatus
1111 580 1150 615 in
1177 578 1267 614 aliis
1294 577 1391 613 locis
1419 577 1497 612 alia
1523 579 1737 624 adscripsit,
1764 577 1896 623 quibus
1920 578 2038 614 lecto-

345 656 422 679 rem
448 643 510 679 vel
540 656 828 689 amanuensem,
856 646 918 691 qui
944 643 1015 679 hoc
1042 643 1243 690 exemplar
1270 641 1485 678 describere
1506 643 1638 689 jussus
1665 650 1760 686 erat,
1787 643 1833 678 de
1858 654 1949 678 vera
1974 643 2039 678 ab·

346 716 473 754 ruptas
500 709 569 744 has
596 716 722 754 partes
749 710 1003 756 conjungendi
1029 709 1176 744 ratione
1205 708 1439 743 admoneret.

490 770 599 814 Quae
624 785 734 819 quum
759 774 799 808 in
825 774 1041 809 universum
1069 774 1351 826 cognovissem,
1385 771 1537 819 singula
1561 782 1652 806 vero
1679 771 1898 806 conferendi
1927 775 2039 817 (quae

347 839 445 873 enim
483 850 531 873 ex
569 838 698 872 codice
735 837 986 873 Riccardiano
1022 844 1291 881 enotaveram,
1335 848 1383 871 ex
1421 834 1536 870 Italia
1575 835 1751 870 miseram
1777 834 2040 879 Monachium)

346 901 436 936 mihi
463 914 537 936 non
565 908 667 936 esset
695 903 819 948 copia,
846 902 939 938 duos
967 900 1036 937 hos
1064 901 1197 946 libros,
1234 914 1327 949 quos
1354 901 1425 937 hac
1453 900 1602 947 quidem
1627 912 1676 935 ex
1701 907 1807 945 parte
1835 900 1884 936 ab
1908 901 2041 937 eodem

347 965 556 1012 exemplari
583 967 775 1012 profectos
803 979 888 1002 esse
914 973 1040 1012 patet,
1074 967 1226 1002 omnino
1254 970 1461 1013 congruere
1489 965 1639 1010 putavi:
1673 976 1742 998 nec
1767 976 1862 1009 quae
1888 964 2041 1000 Riccar-

346 1030 449 1064 diani
483 1030 690 1066 lectionum
716 1043 765 1065 ex
791 1031 918 1076 primis
945 1028 1140 1066 Naturalis
1166 1029 1363 1067 Historiae
1390 1028 1497 1066 libris
1523 1029 1728 1075 specimina
1760 1040 1905 1065 mecum
1938 1041 2038 1065 com·

346 1095 550 1130 municavit
576 1096 618 1130 F.
644 1094 972 1131 Thierschius
998 1094 1046 1131 V.
1064 1095 1140 1139 Cl.,
1170 1096 1216 1131 de
1247 1095 1318 1131 hac
1345 1095 1533 1130 sententia
1559 1106 1618 1129 me
1641 1092 1876 1139 depulerunt.
1929 1093 2041 1129 Hunc

346 1171 436 1206 ergo
473 1159 642 1195 codicem
678 1160 724 1196 ad
759 1160 861 1196 aliud
896 1167 1041 1206 tempus
1082 1161 1291 1206 rejiciens,
1332 1159 1513 1205 inspectis
1540 1159 1676 1194 ceteris
1704 1157 1811 1193 libris
1838 1158 1934 1194 Mss.
1962 1158 2040 1194 Pli-

348 1224 471 1259 nianis
508 1243 558 1250 —-
595 1226 694 1259 inter
732 1237 824 1271 quos
868 1223 1195 1260 Colbertinus
1231 1225 1413 1271 primus
1450 1221 1514 1268 (N.
1542 1226 1676 1269 6796),
1716 1235 1765 1259 ex
1793 1223 2038 1270 complurium

348 1289 519 1325 codicum
554 1288 651 1326 Mss.
689 1288 878 1335 partibus,
917 1297 959 1325 ut
993 1277 1180 1334 videturs
1205 1291 1457 1335 compositus,
1494 1291 1603 1336 qu‘us
1641 1287 1848 1324 nonnullae
1875 1289 2039 1337 paginae

347 1354 539 1389 literarum
564 1352 735 1389 ductibus
763 1353 1014 1390 Riccardiano
1042 1361 1119 1391 tam
1144 1360 1231 1390 sunt
1256 1353 1426 1399 similes,
1451 1361 1492 1390 ut
1507 1380 1518 1399 ,
1546 1366 1658 1400 quum
1684 1365 1813 1389 eorum
1838 1353 2037 1398 librorum,

346 1418 408 1464 qui
442 1419 480 1453 in
514 1417 583 1453 illo
612 1418 757 1462 desint,
791 1426 917 1464 partes
947 1419 1094 1464 aliquas
1122 1420 1363 1463 contineant,
1402 1420 1475 1455 nisi
1502 1419 1647 1454 formae
1674 1424 1803 1453 essent
1829 1417 1943 1462 paulo
1972 1420 2040 1454 mi-

346 1482 476 1526 noris,
519 1481 568 1516 ad
604 1480 712 1518 illum
755 1485 942 1527 pertinere
982 1490 1137 1529 possent
1164 1483 1307 1527 videri,
1350 1490 1387 1518 et
1414 1481 1748 1519 Colbertinus
1788 1484 2040 1520 secundus

346 1543 411 1588 (N.
438 1548 547 1581 6796.
574 1544 638 1589 A.)
668 1545 714 1580 de
742 1545 862 1594 Regio
889 1547 920 1583 Ι.
960 1560 1080 1594 eoque
1108 1547 1154 1583 ab
1182 1547 1304 1584 altera
1328 1559 1441 1583 manu
1467 1553 1637 1582 correcto
1664 1546 1814 1591 sactus,
1856 1547 2039 1594 aliquam-

347 1610 409 1644 diu
445 1622 505 1645 me
545 1608 724 1645 tenebant
761 1620 983 1658 occupatum
1017 1633 1065 1639 —-
1097 1613 1279 1649 suadente
1307 1624 1453 1659 quoque
1479 1611 1513 1647 J.
1543 1610 1753 1658 Silligio
1780 1609 1829 1646 V.
1858 1611 1933 1654 D.,
1976 1612 2037 1656 qui

346 1673 461 1710 Plinii
487 1673 603 1710 verba
630 1676 853 1712 emendandi
881 1690 1009 1712 curam
1035 1678 1224 1723 suscepit,
1264 1677 1311 1712 ad
1338 1675 1604 1712 excutiendum
1630 1675 1838 1724 Regium
1870 1673 1948 1719 IL,
1975 1687 2037 1710 co-

348 1738 469 1773 dicem
508 1737 585 1774 Ms.
625 1739 769 1776 formae
807 1743 1019 1786 maximae,
1058 1742 1174 1777 ternis
1201 1741 1385 1777 columnis
1413 1742 1618 1787 scriptum,
1659 1747 1777 1775 totum
1803 1740 1921 1775 nostri
1949 1752 2041 1785 opus

347 1804 659 1849 complectentem
686 1818 887 1853 aggressus
914 1819 1008 1842 sum.
1061 1806 1146 1842 Hoc
1173 1818 1263 1842 vero
1283 1806 1436 1854 negotio
1458 1804 1635 1841 absoluto
1655 1802 1890 1849 temporibus
1917 1804 2038 1852 magis

348 1868 545 1912 adductus,
573 1881 682 1915 quam
708 1882 791 1905 mea
817 1877 965 1915 sponte,
991 1871 1030 1905 in
1057 1872 1217 1916 patriam
1243 1871 1406 1906 reverti:
1433 1869 1497 1905 ubi
1524 1868 1764 1904 Riccardiani
1793 1874 1831 1902 et
1845 1866 2040 1903 Parisien»

346 1933 443 1967 sium
476 1933 647 1969 codicum
673 1932 769 1970 Mss.
799 1934 1039 1980 lectionibus,
1068 1947 1159 1982 quas
1188 1936 1478 1981 exscripseram,
1506 1935 1719 1970 accuratius
1745 1934 1843 1967 inter
1869 1945 1911 1968 se
1938 1945 2038 1969 com-

349 1997 488 2040 paratis
525 2010 663 2045 magna
702 2011 783 2034 cum
816 2012 900 2036 mea
937 2001 1149 2036 offensione
1177 1999 1429 2035 animadverti
1456 2000 1494 2034 in
1522 1998 1608 2034 aliis
1635 1996 1742 2033 libris
1770 1996 1885 2033 aliam
1912 2009 2040 2034 eorum

349 2072 433 2095 esse
468 2062 653 2097 rationem
670 2088 681 2106 ,
722 2071 759 2098 et
792 2065 832 2099 in
867 2063 1089 2111 quibusdam
1116 2062 1276 2111 Regium
1302 2061 1352 2098 II.
1389 2063 1470 2098 fere
1498 2064 1650 2108 propius
1679 2062 1727 2096 ad
1753 2060 2040 2099 Riccardianum

351 2125 544 2159 accedere.
596 2126 767 2163 Eandem
795 2128 1029 2176 singulorum
1056 2126 1236 2163 librorum
1263 2127 1527 2172 differentiam,
1554 2139 1665 2173 quum
1690 2138 1749 2170 ea,
1777 2138 1872 2172 quae
1892 2125 2039 2162 Grono-

352 2189 433 2224 vius
461 2189 497 2234 *)
517 2197 574 2225 'ex
601 2192 732 2226 codice
759 2190 1009 2228 Vossiano
1038 2192 1224 2237 prodidit,
1265 2204 1347 2227 cum
1372 2190 1652 2248 parisiensibus
1679 2190 1948 2236 contulissem,
1976 2191 2040 2226 de-

348 2254 529 2299 prehendi
553 2256 593 2290 in
616 2255 699 2300 illo,
728 2256 862 2303 quippe
891 2257 953 2302 qui
978 2254 1109 2292 horum
1135 2256 1245 2291 modo
1270 2257 1334 2292 uni
1360 2255 1471 2291 modo
1501 2247 1612 2291 alteri
1647 2255 1812 2292 similior
1838 2256 1901 2291 sit.
1955 2253 2040 2297 Qua

347 2332 396 2354 ex
430 2331 547 2355 causa
583 2320 622 2354 in
656 2319 726 2355 hac
761 2333 859 2356 nunc
896 2332 978 2356 sum
1005 2322 1215 2365 sententia,
1251 2328 1314 2365 ut,
1352 2332 1541 2367 quosquos
1568 2319 1773 2366 habemus,
1813 2322 2040 2357 vetustiores

346 2384 462 2421 Plinii
489 2382 684 2421 Naturalis
711 2385 908 2422 Historiae
945 2385 1093 2420 codices
1121 2384 1218 2420 Mss.
1257 2397 1333 2419 non
1360 2397 1409 2419 ex
1435 2397 1509 2420 uno
1537 2397 1719 2433 quemque
1746 2384 1956 2431 exemplari
1981 2386 2038 2421 in-

348 2458 475 2497 tegro,
522 2449 589 2484 sed
631 2461 680 2485 ex
724 2451 838 2486 variis
882 2448 1114 2498 singulorum
1157 2448 1338 2485 librorum
1383 2450 1611 2498 apographis
1661 2459 1801 2487 temere
1847 2452 2038 2499 congestis

432 2592 461 2629 ⁸)
482 2591 556 2623 Vid.
579 2591 748 2630 editionis,
770 2604 855 2636 quae
876 2592 986 2637 Lugd.
1008 2593 1080 2626 Bet.
1101 2603 1155 2626 an.
1179 2592 1268 2637 1669.
1291 2594 1436 2636 prodiit,
1455 2594 1523 2627 vol.
1550 2595 1622 2634 111„
1644 2595 1679 2627 in
1697 2595 1772 2628 fine.
