2290 3201
1212 278 1265 315 22

587 395 673 430 Lib.
699 394 847 430 XXIV.
876 408 957 442 cap.
986 399 1045 431 10.
1070 396 1191 438 med.;
1222 405 1316 434 sect.
1344 402 1406 437 47.

536 465 632 498 Flos
664 464 917 509 cujuscumque
950 465 1099 510 generis
1126 466 1233 499 triam
1260 465 1455 513 digitorum
1478 477 1590 514 capta
1616 470 1874 516 dysentericos
1897 475 1934 505 et
1959 470 2080 505 alvum

487 529 633 563 etiam
659 527 834 564 emendat.

392 593 476 630 Non
512 601 569 629 est
608 595 705 639 quod
743 593 837 628 illud
868 593 988 627 alvum
1021 604 1111 637 prae
1149 595 1283 629 ceteris
1323 595 1500 630 efferatur
1542 597 1715 641 apposita
1740 598 1923 644 particula
1948 599 2077 641 etiam,

390 670 501 705 quam
539 657 677 693 frustra
719 668 877 703 quaeras
914 656 952 691 in
980 655 1169 693 codicibus
1196 657 1293 694 Mss.
1355 658 1497 707 Regius
1525 661 1623 695 enim
1652 659 1682 695 1.
1714 661 1869 697 exbibet
1894 669 1933 700 et
1957 664 2078 699 aluam

388 725 514 764 citam,
548 722 643 770 Reg.
678 720 729 756 11.
763 729 799 754 et
828 720 950 755 alvum
982 721 1157 767 ettamen,
1197 721 1441 760 Monacensis
1477 729 1516 760 et
1548 726 1671 761 alvum
1695 727 1819 763 citam.
1844 748 1893 755 —-
1958 729 2078 765 Alvus

388 791 480 831 cita,
529 795 568 823 ut
602 787 751 831 saepius
794 785 891 830 apud
927 793 1095 821 nostrum
1132 788 1231 822 inter
1267 787 1416 824 morbos
1453 796 1787 835 commemoratur,
1837 792 1890 827 ita
1924 803 2076 838 prorsus

389 853 535 890 endi-m*
548 852 659 888 modo
688 857 800 898 atque
825 851 864 886 in
881 849 952 886 hoc
967 850 1053 887 loco
1068 865 1143 889 una
1157 865 1240 890 cum
1256 866 1349 889 voce
1365 855 1588 903 dysenterica·
1602 857 1783 892 occurrit:
1809 857 1897 892 Lib.
1908 856 2074 893 XXVII.

388 933 470 964 cap.
508 924 545 953 4.
581 919 702 958 med.;
738 924 831 952 sect.
860 921 895 952 6.
962 919 1061 953 Usus
1086 920 1220 953 radicis
1244 919 1409 965 (alceae)
1433 932 1481 957 ex
1506 921 1591 956 vino
1616 920 1678 956 vel
1701 933 1753 956 ex
1778 933 1880 969 aqua
1896 922 2073 970 dysen-

386 987 562 1022 tericis
597 992 633 1021 et
664 986 782 1019 alvo
808 984 946 1019 citae.
998 983 1084 1019 Hoc
1109 997 1201 1021 vero
1226 984 1346 1019 morbi
1372 997 1507 1021 nomen
1534 999 1616 1022 cum
1642 986 1758 1022 verbo
1783 977 2074 1022 emendare‘me-

389 1050 460 1084 lius
501 1061 611 1094 quam
649 1048 771 1082 solam
798 1059 929 1083 vocem
954 1049 1060 1083 alvus
1087 1049 1266 1096 conjungi
1291 1060 1400 1085 nemo
1426 1062 1501 1086 non
1525 1050 1640 1086 videt.
1695 1048 1794 1093 Quid
1819 1062 1909 1099 ergo
1936 1049 2074 1094 obstat,

389 1115 584 1161 quominus
611 1113 748 1148 vocula
773 1112 843 1148 illa
869 1115 1014 1159 rejecta
1042 1114 1181 1149 codicis
1199 1113 1444 1149 Monacensis
1470 1115 1672 1150 lectionem
1698 1127 1721 1150 a
1745 1114 1899 1160 reliquis
1926 1121 2073 1150 susten·

387 1186 503 1214 ratam
532 1177 825 1223 amplectamur?

582 1242 668 1276 Lib.
693 1240 840 1277 XXIV.
870 1253 952 1286 cap.
982 1246 1039 1276 10.
1068 1241 1136 1276 sub
1163 1241 1251 1282 fin.;
1280 1247 1374 1276 sect.
1400 1245 1461 1277 49.
1487 1242 1570 1277 init.

532 1307 657 1342 Cissos
681 1307 909 1354 erythranos
935 1306 984 1342 ab
1006 1306 1133 1342 iisdem
1155 1305 1362 1354 appellatas
1386 1307 1511 1342 sanila
1536 1307 1687 1347 ederae,
1719 1307 1983 1344 coxendicibus
2005 1309 2072 1343 ati-

478 1372 523 1407 lis
548 1385 568 1408 e
594 1373 836 1420 vino*potas:
863 1376 948 1408 item
973 1372 1119 1407 lumbis.
1173 1371 1370 1407 Tantam
1395 1372 1487 1406 vim
1510 1372 1641 1406 acini
1661 1372 1820 1418 ajunt,
1847 1380 1899 1407 ut
1922 1374 2072 1420 sangui-

479 1450 566 1472 nem
592 1439 697 1471 urina
722 1436 891 1471 detrahat
917 1462 925 1471 .
954 1461 962 1469 .
993 1436 1014 1471 .“
1054 1436 1195 1471 Smilax
1223 1448 1392 1483 quoque,
1429 1437 1509 1483 qai
1531 1444 1576 1470 et
1600 1437 1900 1483 nicophoro-t
1926 1449 2069 1485 cogno-

478 1503 655 1544 minatur,
683 1502 949 1538 similitudinem
974 1503 1104 1537 ederae
1131 1502 1261 1544 habet,
1286 1501 1520 1538 tenuioribus
1537 1499 1662 1546 foliis.

382 1566 687 1614 ltaffHarduinus
725 1566 822 1602 hunc
854 1566 979 1603 locum
1019 1567 1157 1611 edidit,
1194 1567 1233 1602 in
1267 1568 1366 1602 notis
1405 1566 1610 1613 adjiciens:
1646 1566 1849 1607 „Tantam
1873 1566 1951 1601 uim
1975 1566 2073 1601 acini

380 1632 516 1680 ajunt]
585 1631 665 1667 Nos
702 1633 755 1667 ita
791 1645 812 1667 e
848 1634 1067 1679 conjectura
1102 1632 1404 1675 emendavimuS,
1440 1643 1523 1666 cum
1558 1629 1659 1676 prius
1695 1629 1838 1672 insulse
1864 1629 2067 1678 legeretur,

386 1700 608 1746 Tantumque
634 1699 704 1732 vim
728 1699 954 1745 accipiuntf‘
977 1718 1025 1724 —
1076 1696 1150 1733 Pro
1178 1696 1235 1732 his
1261 1696 1386 1733 verbis
1413 1695 1554 1744 Regius
1580 1693 1611 1730 I.
1640 1701 1678 1730 et
1703 1702 1860 1741 quatuor
1888 1693 2068 1731 Gronovii

382 1763 533 1797 codices
560 1762 758 1798 exhibent:
797 1772 935 1799 tantam
959 1764 1031 1798 vim
1055 1763 1257 1809 accipiant,
1296 1762 1436 1797 omissa
1461 1759 1645 1807 particula
1670 1766 1730 1802 ut,
1774 1772 1868 1806 quae
1893 1761 1931 1795 in
1959 1760 2068 1796 editis

381 1827 569 1873 sequitur:
608 1825 818 1863 Vossianus
854 1840 966 1870 vero,
1006 1827 1146 1875 Regius
1176 1826 1227 1862 ΙΙ.
1265 1834 1303 1862 et
1328 1826 1595 1862 Monacensis:
1622 1833 1758 1861 tantam
1781 1826 1853 1861 vim
1876 1827 2068 1873 accipiat,

381 1904 429 1926 ex
457 1891 589 1937 quibus
617 1873 828 1929 Grono'vius
855 1892 1037 1939 conjecit:
1073 1900 1217 1928 tantam
1241 1893 1315 1928 vim
1339 1892 1456 1933 acini,
1481 1899 1531 1927 at.
1591 1888 1808 1925 Harduinus
1835 1890 1884 1925 ad
1910 1902 2064 1926 accusa-

378 1958 495 1991 tivum
522 1968 652 1991 casum
676 1957 715 1990 in
741 1954 894 1991 vocibus
923 1964 1060 1991 tantam
1084 1959 1156 1992 vim
1182 1956 1447 2002 explicandum
1471 1955 1628 1991 inseruit
1652 1956 1776 2002 ajunt:
1802 1954 1841 1989 id
1867 1955 1965 2001 quod
1988 1967 2065 1991 om·

379 2022 467 2055 nino
505 2019 791 2066 improbandum
825 2027 895 2056 est.
961 2019 1059 2057 Nam
1095 2021 1316 2068 saepissime
1352 2020 1500 2066 quidem
1532 2019 1571 2055 id
1597 2019 1751 2055 verbum
1779 2020 1874 2065 apud
1901 2019 2064 2057 Plinium

378 2085 536 2133 legitur:
564 2096 747 2131 nusquam
774 2097 888 2129 vero,
916 2093 956 2121 ut
980 2087 1019 2121 in
1046 2086 1117 2122 hac
1144 2086 1331 2122 Harduini
1357 2086 1600 2132 conjectura,
1642 2082 1768 2119 nullus
1794 2095 1877 2120 cum
1903 2097 1948 2121 eo
1977 2098 2063 2122 con·

374 2151 544 2198 jungitur
569 2149 789 2184 infinitivus.
841 2149 900 2185 Ad
930 2150 1108 2187 librorum
1134 2151 1231 2187 Mss.
1259 2151 1462 2194 lectionem
1485 2151 1518 2186 si
1542 2148 1738 2192 respicias,
1765 2147 1858 2184 nihil
1880 2151 2063 2195 invenias,

376 2214 475 2249 unde
511 2213 605 2249 illud
636 2215 746 2261 ajunt
782 2215 902 2260 possit
935 2217 1032 2252 erui:
1077 2229 1151 2253 non
1178 2216 1307 2253 dubito
1333 2216 1468 2265 igitur,
1495 2215 1583 2262 quin
1609 2215 1835 2262 ejiciendum
1861 2217 1930 2261 sit,
1956 2229 2063 2262 prae·

377 2280 506 2315 sertim
544 2292 653 2324 quum
687 2281 797 2314 nimis
834 2279 940 2314 brevi
973 2281 1173 2316 intervallo
1212 2287 1412 2326 sequatur:
1454 2281 1593 2326 ajunt
1617 2281 1748 2325 capitis
1773 2280 1960 2315 doloribus
1985 2293 2062 2317 me·

375 2345 479 2387 deri,
520 2349 558 2378 et
589 2341 784 2380 lenissima
818 2345 1024 2382 mutatione
1059 2359 1108 2383 ex
1141 2345 1232 2393 ipsis
1269 2342 1462 2381 codicibus
1498 2342 1596 2381 Mss.
1634 2343 1694 2381 hic
1731 2345 1837 2382 locus
1863 2348 1918 2382 ita
1942 2348 2063 2392 possit

377 2410 537 2456 corrigi,
576 2416 616 2443 ut
649 2410 773 2443 omnia
807 2411 945 2454 optime
983 2423 1024 2446 se
1058 2411 1236 2446 habeant.
1300 2407 1375 2443 Illo
1410 2409 1508 2443 enim
1537 2421 1628 2444 casu
1653 2411 1892 2454 accusativo,
1935 2411 1997 2458 qui
2023 2411 2061 2447 in

376 2473 481 2509 libris
510 2471 632 2517 Mss.‚
661 2480 702 2508 ut
728 2481 856 2510 notum
883 2482 954 2519 est,
981 2475 1155 2511 scribitur
1181 2471 1284 2511 tanta
1309 2469 1362 2516 υἱ,
1402 2474 1605 2509 secundum
1633 2473 1726 2509 haec
1754 2466 1946 2520 exempla:
1973 2474 2061 2509 Lib.

375 2537 463 2572 XX.
493 2544 579 2571 ante
605 2538 704 2572 med.
733 2550 814 2584 cap.
843 2543 924 2580 18.;
961 2547 1054 2575 sect.
1082 2542 1142 2576 76.
1170 2551 1244 2574 non
1268 2539 1316 2575 vi
1338 2536 1626 2586 soporifera
1652 2539 1787 2583 modo,
1826 2553 1952 2576 verum
1976 2567 1985 2576 .
2014 2566 2023 2575 .
2054 2567 2062 2576 .

375 2604 480 2638 etiam
503 2602 780 2649 mortifera.
806 2624 854 2631 —-
904 2605 992 2641 Lib.
1018 2603 1167 2642 XXIV.
1196 2616 1277 2649 cap.
1306 2608 1363 2640 12.
1390 2603 1458 2640 sub
1485 2603 1572 2645 fin.;
1616 2611 1710 2640 sect.
1737 2608 1796 2641 67.
1822 2607 1871 2640 vi
1891 2616 2061 2640 samma
