2290 3201
1166 273 1222 314 214

350 410 432 444 cap.
458 403 517 438 4.;
547 403 639 432 sect.
667 400 703 432 9.
753 398 1070 434 androsaces
1098 396 1245 431 herba
1269 404 1325 432 est
1348 397 1503 443 alba),
1530 398 1651 434 forma
1677 396 1827 446 generis
1853 394 2036 438 feminini,

350 471 390 499 ut
417 461 502 498 Lib.
527 458 696 498 XXVII.
723 468 807 507 post
835 462 932 498 med.
962 475 1045 508 cap.
1071 465 1131 502 4.;
1159 468 1251 497 sect.
1277 464 1335 497 10.
1387 463 1674 500 Andro-'aemon
1702 489 1711 498 .
1740 488 1749 497 .
1775 473 1850 497 non
1872 459 2034 496 absimile

350 536 408 566 est
441 529 717 576 hypericO.
744 528 788 563 de
825 540 896 576 qua
922 530 1159 564 diximus.—-
1184 533 1222 561 et
1247 524 1492 561 Lib.XXV1.
1520 525 1548 561 l.
1582 526 1630 569 l.;
1668 528 1837 562 sect-53.
1894 524 2044 559 Eadem·

345 596 519 640 praestat
543 592 843 641 hypericon,
869 604 1001 639 quam
1025 591 1091 628 alii
1113 591 1399 638 chamaepity-n,
1425 591 1492 627 alii
1513 593 1642 627 corion
1664 590 1870 639 appellant:
1898 587 2038 631 Quidni

352 659 464 706 igitur
501 665 734 701 statuamu‘s,
772 657 832 693 hio
867 656 981 692 simili
1015 658 1127 693 modo
1154 655 1441 705 intelligendam
1467 667 1552 690 ense
1578 667 1709 690 vocem
1727 652 1889 703 frutex,
1929 665 2061 699 quum-

352 722 399 757 de
423 723 507 767 ipsa
533 721 689 757 smilace
715 721 817 756 dicat
841 728 970 755 noster
993 720 1083 756 Lib.
1098 719 1206 757 XVI.
1234 721 1261 756 l.
1280 720 1306 756 l.
1335 720 1485 767 virgine
1509 720 1596 766 ejus
1620 721 1772 756 nontinis
1797 745 1806 754 .
1832 747 1841 756 .
1867 744 1877 754 .
1901 725 2038 753 mutata

352 787 396 821 in
420 785 536 820 hunc
554 785 811 830 fruticem,
845 791 882 820 et
908 785 947 819 in
974 785 1044 829 iis,
1072 798 1168 832 quae
1194 792 1360 824 nostrum
1385 783 1509 819 locum
1536 784 1750 829 excipiunt,
1779 785 1963 821 Coronam
1985 795 2039 818 ex

352 863 406 885 eo
434 848 585 897 factam
621 855 709 892 etc„
744 848 832 884 libri
856 849 954 885 Mss.
982 851 1063 885 sine
1091 849 1191 894 ulla,
1218 849 1315 896 quod
1341 850 1479 891 sciam,
1519 847 1693 883 lectionis
1721 849 1905 883 varietate
1932 846 2039 883 exhi-

352 915 467 949 beant
502 926 620 961 genus
658 912 930 949 masculinum?
970 913 1140 949 Potuerit
1175 913 1311 960 aliquis
1344 912 1404 948 hic
1444 913 1580 948 afferre
1607 912 1720 947 etiam
1747 924 1843 958 quae
1868 912 2038 959 proxime

353 986 576 1025 sequuntur:
609 978 825 1014 Alterum
852 980 1111 1014 immortalitati
1131 980 1397 1027 proximam
1423 1005 1432 1014 .
1456 1003 1466 1013 .
1494 1003 1502 1014 .
1530 977 1840 1012 scandentem
1864 977 2041 1013 arbores.-

354 1043 421 1077 sed
450 1044 572 1077 minus
601 1049 708 1086 apte:
750 1054 908 1088 namque
936 1049 1094 1088 possunt
1118 1055 1164 1077 ea
1198 1044 1253 1077 sic
1279 1054 1424 1088 quoque
1451 1040 1656 1086 explicari:
1693 1042 1861 1075 Alteram
1884 1043 2040 1088 (genus)

353 1106 614 1142 immortalitati
639 1107 895 1153 proximam..
910 1134 919 1143 .
947 1106 1094 1148 (dixere
1121 1105 1332 1150 emilanem)
1353 1106 1587 1141 scandentem
1600 1105 1767 1149 arbores,
1792 1116 1901 1151 quam
1926 1103 2042 1138 inter—

355 1171 625 1216 pretationem,
653 1170 743 1206 licet
769 1169 882 1206 valde
911 1176 1082 1206 contorta
1109 1182 1155 1205 ea
1181 1181 1266 1204 esse
1292 1170 1478 1215 videatur,
1504 1183 1579 1206 non
1607 1178 1746 1206 temere
1773 1169 2040 1212 damnaverim,

356 1236 531 1281 quoniam
558 1247 639 1270 cum
666 1233 811 1277 verbis,
851 1246 946 1280 quae
982 1246 1094 1279 supra
1121 1232 1250 1277 attuli,
1277 1234 1387 1270 Illam
1410 1248 1491 1270 esse
1515 1236 1696 1271 milacem
1717 1236 1892 1282 priorem,
1919 1234 2040 1282 magis

358 1312 468 1346 quam
496 1298 616 1334 altera
653 1298 747 1334 haee
773 1300 969 1343 convenit,
1010 1306 1047 1334 et
1074 1297 1220 1335 Plinius
1244 1300 1284 1335 in
1311 1300 1499 1347 ejusmodi
1523 1300 1721 1336 verborum
1746 1300 1940 1335 structuris
1966 1307 2043 1335 tam

358 1377 431 1398 non
467 1363 540 1398 sibi
573 1370 742 1407 constat,
784 1369 824 1398 ut
858 1375 906 1398 ex
944 1364 1027 1411 ejus
1062 1377 1132 1400 usu
1167 1364 1316 1400 dicendi
1340 1365 1437 1400 inter
1463 1364 1555 1403 duas
1582 1364 1652 1402 has
1677 1364 1950 1411 explicationes
1977 1366 2042 1401 vix

357 1429 475 1474 possit
501 1428 715 1475 dijudicari.

553 1491 640 1526 Lib.
668 1491 795 1528 XXV.
825 1504 906 1538 cap.
934 1496 970 1528 6.
997 1493 1116 1534 med.;
1145 1500 1240 1529 sect.
1267 1496 1326 1529 30.

499 1558 683 1592 Nascitur
710 1557 910 1599 (centaurii
934 1557 1060 1600 radix)
1085 1559 1122 1592 in
1147 1558 1299 1592 collibus
1320 1558 1455 1605 pingui
1475 1557 1569 1593 solo.
1618 1557 1890 1593 Laudatissima
1913 1559 1949 1592 in
1970 1560 2043 1594 Ar-

451 1621 582 1664 cadia,
610 1621 741 1663 Elide,
771 1622 987 1665 Messenia,
1013 1622 1202 1659 Pholoe
1226 1628 1272 1659 et
1297 1623 1473 1670 Lycia:
1514 1630 1550 1657 et
1574 1623 1610 1657 in
1635 1622 1792 1668 Alpibus
1817 1635 1906 1658 vero
1928 1623 2043 1668 pluri-

433 1687 585 1731 ,misque
611 1687 694 1721 aliis
721 1686 824 1722 locis.
874 1687 924 1721 In
949 1687 1074 1733 Lycia
1097 1688 1237 1734 quidem
1261 1696 1297 1722 et
1320 1701 1372 1722 ex
1398 1700 1443 1722 ea
1469 1687 1624 1734 Lycium
1642 1684 1801 1734 faciunt.

361 1749 577 1786 Harduinus
593 1749 639 1784 ad
654 1749 691 1784 h.
704 1749 728 1784 l.
746 1749 962 1786 adnotavit:
983 1750 1259 1795 „Dioscorides
1279 1751 1345 1787 lib.
1357 1749 1427 1786 III.
1450 1758 1531 1796 cap.
1544 1754 1578 1787 8.
1591 1754 1660 1796 (6.)
1675 1751 1810 1794 iisdem
1827 1750 1996 1802 verbis.“
2010 1770 2046 1775 -

364 1816 439 1850 Sed
466 1816 504 1849 in
526 1815 729 1850 novissima
744 1814 854 1861 hujus
873 1816 1067 1861 scriptoris
1086 1817 1266 1861 editione,
1292 1829 1403 1864 quam
1418 1815 1522 1851 Curt.
1539 1815 1723 1863 Sprengel
1740 1815 1786 1851 V.
1809 1815 1867 1851 Cl.
1886 1827 2046 1850 exorna-

362 1880 435 1922 vit,
462 1878 644 1927 legimus:
676 1878 787 1914 Φιλεῖ
812 1875 851 1915 δὲ
877 1880 1062 1929 λιπαρᾶν
1090 1881 1191 1931 γῆν,
1218 1881 1402 1932 εύήλιον,
1430 1881 1500 1918 καὶ
1529 1878 1712 1929 δρυμούς
1741 1881 1810 1918 καὶ
1837 1881 2043 1930 γεώλοφα·

359 1944 582 1981 πλεονάζει
621 1939 661 1978 δὲ
699 1944 740 1979 ἐν
774 1946 911 1992 Λυκίᾳ
950 1946 1020 1981 καὶ
1048 1946 1377 1995 Πελοποννήσῳ,
1411 1946 1451 1982 ἐν
1472 1942 1618 1982 ”Ηλιδι
1645 1945 1713 1981 καὶ
1741 1940 1946 1994 ’Λρκαδίᾳ
1975 1943 2046 1980 καὶ

362 2008 608 2055 ΠΙεσσηνίᾳ,
648 2006 718 2043 καὶ
744 2008 837 2056 περὶ
868 2009 1078 2057 Φολόην
1105 2010 1192 2046 καὶ
1218 2010 1458 2047 Λύκαιον
1485 2010 1556 2046 καὶ
1584 2010 1795 2057 Σμύρνην
1822 2037 1831 2046 .
1858 2035 1868 2045 .
1894 2035 1903 2043 .
1936 2009 1976 2044 οἱ
2005 2004 2046 2043 δὲ

361 2072 401 2107 ἐν
436 2072 574 2118 Λυκίᾳ
610 2071 743 2120 αὐτήν
780 2072 1021 2116 χυλίὲοντες
1057 2075 1251 2122 χρῶνται
1278 2074 1387 2127 αὐτῇ
1412 2074 1506 2111 α’ντὶ
1531 2074 1698 2111 λυκίου.
1724 2092 1773 2100 -
1798 2079 1835 2107 et
1862 2073 1900 2108 in
1927 2073 2046 2109 notis:

361 2137 578 2180 „Av'nazov
616 2136 715 2184 ὄρος
749 2137 789 2173 ἐν
825 2134 1029 2185 Ἀρκαδίᾳ
1057 2139 1138 2174 cum
1168 2139 1308 2189 Φολόῃ
1331 2141 1516 2186 junctum.
1576 2137 1712 2173 strabo
1740 2136 1806 2172 lib.
1836 2140 1869 2172 8.
1897 2150 1933 2182 p.
1961 2140 2045 2173 320.

363 2201 503 2237 Tzsch.
557 2199 682 2249 Vulgo
720 2203 905 2245 Λυκίαν,
950 2202 1047 2250 quod
1081 2202 1186 2239 brevi
1221 2211 1308 2240 ante
1339 2205 1422 2253 jam
1456 2203 1692 2239 dicebatur.“
1728 2223 1777 2230 —
1834 2203 1977 2239 Pholoe·
2013 2211 2048 2237 et

361 2269 531 2315 Lycaeo,
573 2267 671 2312 quod
698 2266 789 2302 olim
815 2268 852 2301 in
880 2274 1008 2301 nostro
1033 2268 1118 2302 loco
1154 2268 1378 2316 legebatur,
1421 2276 1462 2303 ut
1497 2269 1736 2303 restituamus
1779 2267 1939 2303 suadent
1964 2265 2051 2302 libri

365 2331 487 2375 Mss„
527 2331 589 2378 qui
616 2331 766 2366 nomine
793 2331 943 2378 quidem
967 2333 1091 2377 priore
1118 2341 1316 2379 corrupto,
1357 2334 1543 2378 posterius
1571 2345 1699 2368 omnes
1725 2332 1905 2367 exhibent
1931 2346 2052 2378 paene

362 2399 570 2444 integrum:
604 2396 642 2428 in
669 2395 789 2443 Regio
829 2397 930 2431 enim
955 2395 986 2431 Ι.
1014 2404 1071 2432 est
1092 2399 1238 2444 phoras
1263 2398 1422 2440 eliceam
1454 2397 1493 2432 in
1519 2395 1614 2445 Reg.
1638 2395 1686 2432 II.
1714 2396 1975 2444 phorpeliceo,
2011 2399 2050 2433 in

364 2461 538 2497 Riccard.
562 2460 867 2507 phot-poelyceo,
895 2462 934 2496 in
960 2461 1114 2497 Monac.
1138 2464 1288 2508 phoruo
1315 2463 1442 2497 eliceo.
1476 2462 1634 2505 Accedit
1659 2461 1755 2495 alius
1782 2463 1901 2496 nostri
1927 2463 2052 2507 operis

365 2526 471 2561 locus
506 2524 608 2569 (Lib.
646 2523 714 2559 IV.
750 2536 832 2570 cap.
860 2528 922 2566 6.;
961 2532 1053 2561 sect.
1082 2530 1182 2571 10.),
1220 2526 1282 2562 ubi
1308 2526 1401 2562 haec
1427 2526 1578 2561 nomina
1605 2533 1802 2561 occurrunt
1830 2528 2052 2574 conjuncta:

366 2592 522 2626 Montes
547 2592 588 2627 in
613 2591 788 2633 Arcadia,
814 2590 998 2628 Pholoe·
1022 2604 1103 2626 cam
1126 2592 1280 2638 oppido:
1307 2592 1398 2627 Item
1426 2592 1601 2639 Cyllene.-
1644 2592 1887 2639 Lycaeus,
1922 2593 1958 2627 in
1983 2605 2054 2640 quo
