2290 3201
1200 315 1223 351 8

368 448 441 485 ego
467 447 612 483 quoque
637 436 755 481 primo
783 435 961 482 deceptus
988 447 1094 481 sum,
1134 442 1175 471 ut
1200 435 1344 483 aliquid
1368 437 1416 473 iis
1443 436 1680 483 tribuerem:
1724 446 1871 483 tamen,
1911 440 1945 474 si
1971 451 2053 475 cum

367 501 454 536 aliis
493 499 598 535 libris
625 498 723 534 Mss.
753 512 818 535 eas
846 501 1147 546 comparaveris,
1189 499 1336 536 videbis
1364 513 1430 537 eas
1456 508 1521 538 ant
1546 513 1629 538 cum
1653 501 1808 551 vulgata
1834 504 2052 548 convenire,

366 571 429 600 aut
456 563 533 600 tale
559 565 649 611 quid
674 564 871 609 exhibere,
899 566 995 611 quod
1022 564 1307 600 haud-obscure
1334 567 1584 611 corruptionis
1609 566 1670 602 vel
1697 569 1941 604 correctionis
1968 581 2053 614 spe-

365 629 461 664 ciem
488 628 610 672 ferat,
647 629 689 663 id
711 629 810 675 quod
835 629 928 664 satis
954 627 1134 673 probatur
1159 629 1286 674 paucis
1312 627 1418 664 hisce
1446 641 1495 664 ex
1521 642 1568 665 eo
1594 631 1787 666 desumtis.

509 714 553 751 In
586 715 672 751 libri
707 715 753 751 V.
792 717 923 759 initio,
964 717 1010 751 de
1039 728 1112 762 quo
1139 717 1237 752 infra
1263 729 1439 765 agemus,
1476 716 1536 752 hic
1566 718 1687 754 codex
1715 718 1829 754 habet
1860 716 2053 766 vulgatam

363 779 587 816 lectionem:
622 777 790 827 Africum
827 782 963 817 Graeci
997 781 1156 829 Libyam
1183 781 1441 830 appellavere,
1479 793 1576 829 qua
1600 795 1700 818 mare
1724 792 1808 820 ante
1833 795 1912 819 eam
1935 782 2053 831 Liby-

361 858 439 882 cum
482 847 729 893 incipiens
775 849 971 895 Aegyptio
1010 849 1175 894 finitur:
1238 847 1312 882 nisi
1357 846 1454 892 quod
1504 859 1570 892 pro
1608 851 1802 896 Aegyptio
1838 850 1877 884 in
1911 861 1956 884 eo
1995 856 2054 885 est

360 914 552 958 Aegypto.
578 930 627 936 --
679 910 723 946 In
757 912 928 960 ejusdem
960 911 1047 948 libri
1078 912 1201 957 capite
1229 914 1287 948 19.
1314 917 1407 947 sect.
1435 913 1494 947 17.
1518 923 1585 957 pro
1612 910 1759 949 verbis:
1797 914 1861 950 illa
1886 915 2054 951 Romani

361 976 505 1023 imperii
536 978 699 1019 aemula,
734 986 921 1015 terrarum
954 978 1054 1014 orbis
1088 978 1222 1019 avida,
1261 977 1484 1026 Carthagine
1517 976 1556 1011 in
1592 988 1637 1011 eo
1674 975 1851 1026 leguntur
1888 978 2051 1015 haecce:

361 1040 459 1076 illam
483 1041 663 1077 aemulam
696 1051 877 1079 terrarum
910 1043 1122 1090 urbiumque
1155 1043 1298 1078 avidam
1329 1041 1601 1089 carthaginem,
1648 1042 1687 1077 in
1722 1041 1877 1088 quibus,
1927 1050 1968 1079 ut
2006 1043 2052 1079 de

361 1106 581 1141 accusativo
618 1119 708 1142 casu
743 1107 838 1144 nihil
875 1107 1019 1151 dicam,
1057 1107 1095 1142 id
1135 1107 1391 1151 desideratur,
1437 1107 1543 1153 cuju's
1581 1105 1729 1142 aemula
1761 1108 1812 1143 sit
1844 1105 2052 1155 Carthago,

360 1181 446 1203 nam
475 1178 659 1206 terrarum
683 1172 829 1206 aemula
854 1172 927 1206 dici
953 1184 1028 1207 non
1054 1177 1200 1216 potest:
1227 1190 1276 1196 —-
1298 1171 1337 1204 in
1362 1171 1531 1218 margine
1558 1178 1702 1206 autem:
1732 1171 1793 1206 illa
1817 1172 1965 1207 romani
1989 1172 2050 1206 im-

355 1233 454 1279 perii
483 1235 585 1270 orbis
616 1244 800 1271 terrarum
830 1236 963 1277 avida,
1004 1236 1042 1269 in
1078 1233 1210 1280 quibus
1236 1246 1312 1268 vox
1338 1234 1479 1269 aemula
1506 1242 1635 1279 aperte
1663 1242 1721 1271 est
1748 1236 1908 1276 omissa3
1952 1235 2051 1269 orbis

360 1305 547 1334 terrarum
573 1299 672 1335 enim
699 1305 877 1347 tanquam
904 1300 1193 1347 appositionem,
1220 1310 1329 1346 quam
1356 1298 1483 1335 dicunt
1508 1300 1757 1348 grammatici,
1785 1312 1866 1336 cum
1894 1300 2049 1336 vocibus

358 1365 505 1397 romani
526 1366 669 1409 imperii
695 1377 804 1400 nemo
832 1365 1087 1412 conjunxerit.

502 1450 547 1487 In
584 1451 681 1487 libro
715 1451 851 1495 XIX.;
892 1460 979 1489 ante
1016 1452 1113 1489 med.
1153 1463 1236 1497 cap.
1275 1454 1334 1493 1.;
1376 1459 1470 1487 sect.
1504 1455 1567 1496 2.‚
1609 1450 1674 1487 ubi
1710 1450 1896 1487 Harduini
1933 1452 2049 1488 editio

358 1514 493 1551 habet:
536 1522 573 1551 et
609 1518 651 1552 hi
687 1531 812 1554 casses
844 1519 905 1552 vel
928 1517 1036 1566 ferri
1064 1518 1193 1561 (aciem
1227 1518 1413 1560 vincunt),
1450 1516 1489 1551 in
1535 1516 1665 1551 codice
1701 1517 1784 1562 ipso
1812 1523 1892 1551 est:
1937 1516 1984 1552 he
2012 1525 2049 1551 et

355 1581 492 1626 asperi,
522 1588 559 1616 et
583 1581 621 1616 in
649 1583 843 1630 margine:
869 1595 974 1618 casse
1000 1595 1063 1618 sue
1088 1584 1248 1629 asper-ri,
1276 1592 1431 1627 quorum
1456 1579 1547 1616 licet
1572 1577 1644 1616 hoc
1670 1581 1718 1616 ad
1744 1581 1947 1617 lectionem
1966 1581 2047 1618 vul-

355 1651 484 1691 gatam
510 1647 663 1690 propius
690 1647 861 1689 accedat,
887 1652 1083 1691 utrumque
1110 1657 1230 1691 aeque
1257 1644 1374 1679 ferme
1400 1643 1619 1686 mendosum
1646 1657 1746 1689 esse,
1774 1646 1929 1692 quisque
1959 1658 2048 1681 con-

340 1709 480 1744 cedet.
547 1708 620 1745 Pro
656 1709 781 1746 verbis
817 1718 852 1746 et
887 1711 930 1746 hi
957 1723 1083 1746 casses
1107 1711 1169 1747 vel
1194 1717 1343 1746 veteres
1371 1709 1556 1744 editiones
1582 1708 1764 1745 exhibent
1789 1718 1825 1745 et
1862 1711 1933 1747 hae
1966 1724 2047 1747 eas-

357 1786 478 1818 sesve,
504 1782 541 1810 et
571 1776 720 1812 codices
736 1774 849 1819 Mss.‚
880 1774 1053 1811 Riccard.
1079 1784 1115 1811 et
1133 1783 1238 1811 aetas
1252 1787 1332 1816 ceu,
1359 1772 1520 1822 Reg.11.
1540 1782 1584 1809 ·et
1599 1783 1635 1809 et
1649 1788 1804 1810 asceve:
1831 1787 1880 1810 ex
1899 1775 2047 1822 quibus,

357 1840 532 1884 quoniam
557 1841 595 1876 in
623 1839 743 1876 Gratii
769 1840 855 1876 loco
882 1839 928 1875 ab
956 1839 1153 1875 Harduino
1182 1846 1333 1885 propter
1358 1837 1493 1886 plagas
1521 1837 1711 1874 Cumanas
1738 1838 1856 1875 allato
1882 1838 2046 1888 (Cyneg.

356 1915 416 1936 vv.
438 1906 496 1939 35.
525 1908 624 1950 sqq.)
651 1904 695 1939 de
723 1904 800 1940 lino
829 1905 981 1940 dicitur:
1010 1905 1115 1940 bonis
1136 1903 1292 1939 Aeoliae
1318 1904 1361 1937 de
1386 1903 1482 1938 valle
1502 1903 1668 1950 Sibyllae
1694 1905 1835 1940 Fetus.-
1859 1912 1896 1938 et
1918 1906 2045 1949 aprico

360 1967 625 2003 Tuscorum
650 1977 779 2016 stupea
806 1981 933 2009 campo
959 1969 1103 2004 Messi-s
1140 1974 1235 2010 etc.‚
1273 1965 1523 2014 conjiciebam
1559 1965 1760 2015 legendum
1795 1980 1880 2003 esse
1902 1947 1949 2003 'et
1974 1968 2048 2005 hae

360 2033 573 2069 Tuscueve:
608 2034 705 2079 quod
743 2041 889 2077 tamen,
929 2046 1039 2079 quum
1078 2031 1169 2067 mihi
1202 2032 1273 2076 ipsi
1306 2043 1380 2065 non
1406 2031 1499 2066 satis
1526 2031 1572 2066 de
1599 2044 1644 2066 eo
1672 2038 1820 2067 constet
1844 2033 2046 2076 sententia,

357 2096 496 2131 nemini
522 2096 756 2133 inculcarim.
785 2117 833 2123 —-
866 2096 980 2138 ibid.;
1022 2096 1104 2131 init.
1132 2107 1212 2141 cap.
1242 2098 1301 2137 8.;
1329 2101 1423 2131 sect.
1449 2098 1509 2131 38.
1538 2108 1605 2141 pro
1632 2094 1778 2131 verbis:
1806 2108 1884 2130 cum
1905 2097 2045 2142 prioris

359 2161 508 2197 Camelii
529 2163 658 2212 religio
684 2164 802 2199 nimia
827 2176 906 2198 eam
920 2170 1094 2210 negaret:
1120 2161 1158 2196 in
1175 2161 1343 2209 margine
1361 2159 1536 2209 leguntur
1550 2159 1714 2195 haecce:
1739 2172 1818 2195 cum
1828 2162 1935 2207 prior
1949 2170 2046 2198 esset

356 2238 441 2260 esca
466 2240 486 2260 e
510 2228 623 2264 melle.
651 2229 784 2276 religio
812 2241 917 2263 omne
943 2235 1063 2270 caret,
1098 2237 1190 2273 quae
1218 2237 1265 2260 ne
1292 2223 1449 2271 probum
1476 2224 1624 2270 quidem
1650 2235 1800 2259 sensum
1826 2224 2046 2262 exhibentia

354 2290 538 2337 originem
565 2291 703 2328 habere
733 2292 906 2328 videntur
930 2292 969 2326 in
996 2289 1256 2338 sequentibus:
1294 2297 1334 2324 ut
1368 2289 1519 2325 servari
1538 2289 1646 2324 etiam
1671 2289 1711 2324 in
1735 2288 1876 2326 alienos
1899 2302 2045 2328 menses

350 2356 386 2389 in
414 2356 621 2401 oxy-melite
644 2366 826 2404 repertum
853 2358 913 2392 sit.

499 2433 544 2470 In
579 2435 677 2472 libro
709 2436 879 2474 XXXV.
907 2434 974 2471 sub
1011 2435 1075 2470 fin.
1104 2446 1186 2479 cap.
1223 2436 1285 2473 3.;
1333 2438 1426 2467 sect.
1453 2436 1489 2468 6.
1524 2433 1564 2468 in
1601 2434 1683 2478 ipso
1718 2431 1816 2467 libro
1844 2430 1920 2467 Ms.
1946 2432 2041 2482 legi-

352 2512 455 2535 mus:
491 2502 602 2547 gaius
623 2503 799 2548 princeps
825 2501 950 2536 tollere
974 2512 1038 2534 eas
1064 2505 1218 2532 conatus
1243 2503 1318 2537 est,
1358 2497 1502 2532 libidine
1526 2509 1703 2532 accensus
1715 2523 1727 2539 ,
1764 2498 1799 2531 si
1818 2497 1955 2542 pictori
1976 2510 2041 2533 na-

352 2572 435 2599 tura
463 2567 713 2612 permisisset,
751 2566 790 2601 in
819 2565 949 2613 quibus
972 2564 1110 2612 pictori
1133 2561 1328 2597 evidenter
1354 2574 1404 2597 ex
1438 2574 1532 2598 voce
1554 2563 1700 2599 tectorii
1723 2567 1935 2605 corruptum
1962 2568 2040 2602 est;

355 2636 392 2661 ct
433 2631 471 2663 in
498 2632 689 2679 margine:
732 2630 782 2666 al.
820 2633 971 2677 pontius
997 2630 1141 2677 legatus
1167 2627 1239 2661 caii
1257 2626 1435 2673 principis
1458 2640 1523 2662 eus
1549 2627 1680 2664 tollere
1703 2631 1860 2663 conatus
1885 2632 1940 2659 est
1964 2625 2041 2660 libi-
